{"nodes": [{"id": "Adam Sandler", "gender": "2"}, {"id": "Alan Rickman", "gender": "2"}, {"id": "Alfie Enoch", "gender": "0"}, {"id": "Allen Covert", "gender": "2"}, {"id": "Alyson Hannigan", "gender": "1"}, {"id": "Anthony Daniels", "gender": "2"}, {"id": "Antonio Banderas", "gender": "2"}, {"id": "Arnold Schwarzenegger", "gender": "2"}, {"id": "Ben Affleck", "gender": "2"}, {"id": "Ben Stiller", "gender": "2"}, {"id": "Bernard Lee", "gender": "2"}, {"id": "Bob Bergen", "gender": "2"}, {"id": "Bonnie Hunt", "gender": "1"}, {"id": "Bonnie Wright", "gender": "1"}, {"id": "Brad Pitt", "gender": "2"}, {"id": "Bruce Campbell", "gender": "2"}, {"id": "Cheech Marin", "gender": "2"}, {"id": "Chris Evans", "gender": "2"}, {"id": "Chris Miller", "gender": "2"}, {"id": "Christopher Knights", "gender": "2"}, {"id": "Conrad Vernon", "gender": "2"}, {"id": "Dan Patrick", "gender": "2"}, {"id": "Daniel Radcliffe", "gender": "2"}, {"id": "Danny Mann", "gender": "2"}, {"id": "David Bradley", "gender": "2"}, {"id": "David Spade", "gender": "2"}, {"id": "DeForest Kelley", "gender": "0"}, {"id": "Desmond Llewelyn", "gender": "2"}, {"id": "Devon Murray", "gender": "2"}, {"id": "Donald Sutherland", "gender": "2"}, {"id": "Eddie Kaye Thomas", "gender": "2"}, {"id": "Elijah Wood", "gender": "2"}, {"id": "Emma Watson", "gender": "1"}, {"id": "Eugene Levy", "gender": "2"}, {"id": "Freddie Prinze Jr.", "gender": "2"}, {"id": "George Takei", "gender": "0"}, {"id": "Gwyneth Paltrow", "gender": "1"}, {"id": "Harrison Ford", "gender": "2"}, {"id": "Helena Bonham Carter", "gender": "1"}, {"id": "Hugh Jackman", "gender": "2"}, {"id": "Ian McKellen", "gender": "2"}, {"id": "Ice Cube", "gender": "2"}, {"id": "Jack Angel", "gender": "2"}, {"id": "Jack Black", "gender": "2"}, {"id": "James Doohan", "gender": "2"}, {"id": "James Phelps", "gender": "2"}, {"id": "Jamie Waylett", "gender": "2"}, {"id": "Jason Biggs", "gender": "2"}, {"id": "Jason Mewes", "gender": "2"}, {"id": "Jess Harnell", "gender": "2"}, {"id": "John Cygan", "gender": "0"}, {"id": "John Franchi", "gender": "0"}, {"id": "John Ratzenberger", "gender": "2"}, {"id": "John Travolta", "gender": "2"}, {"id": "Johnny Depp", "gender": "2"}, {"id": "Jonah Hill", "gender": "2"}, {"id": "Josh Herdman", "gender": "2"}, {"id": "Julie Walters", "gender": "1"}, {"id": "Kenny Baker", "gender": "2"}, {"id": "Kevin James", "gender": "2"}, {"id": "Kevin Smith", "gender": "2"}, {"id": "Kristen Wiig", "gender": "1"}, {"id": "Laraine Newman", "gender": "1"}, {"id": "Leonard Nimoy", "gender": "2"}, {"id": "Lois Maxwell", "gender": "1"}, {"id": "Lori Alan", "gender": "1"}, {"id": "Maggie Smith", "gender": "1"}, {"id": "Mark Williams", "gender": "2"}, {"id": "Matthew Lewis", "gender": "2"}, {"id": "Mel Brooks", "gender": "2"}, {"id": "Michael Gambon", "gender": "2"}, {"id": "Mickie McGowan", "gender": "0"}, {"id": "Mona Marshall", "gender": "0"}, {"id": "Nick Swardson", "gender": "2"}, {"id": "Oliver Phelps", "gender": "2"}, {"id": "Owen Wilson", "gender": "2"}, {"id": "Paul Bettany", "gender": "2"}, {"id": "Paul Eiding", "gender": "2"}, {"id": "Paul Rudd", "gender": "2"}, {"id": "Rob Schneider", "gender": "2"}, {"id": "Robbie Coltrane", "gender": "2"}, {"id": "Robert De Niro", "gender": "2"}, {"id": "Robert Downey Jr.", "gender": "2"}, {"id": "Robert Englund", "gender": "2"}, {"id": "Roger Moore", "gender": "2"}, {"id": "Rupert Grint", "gender": "2"}, {"id": "Russell Crowe", "gender": "2"}, {"id": "Sadie Sandler", "gender": "0"}, {"id": "Salma Hayek", "gender": "1"}, {"id": "Samuel L. Jackson", "gender": "2"}, {"id": "Scarlett Johansson", "gender": "1"}, {"id": "Sean Connery", "gender": "2"}, {"id": "Seth Green", "gender": "2"}, {"id": "Seth Rogen", "gender": "2"}, {"id": "Sherry Lynn", "gender": "0"}, {"id": "Spike Lee", "gender": "2"}, {"id": "Stanley Tucci", "gender": "2"}, {"id": "Tobin Bell", "gender": "2"}, {"id": "Tom Cruise", "gender": "2"}, {"id": "Tom Felton", "gender": "2"}, {"id": "Tom McGrath", "gender": "2"}, {"id": "Walter Koenig", "gender": "2"}, {"id": "Warwick Davis", "gender": "2"}, {"id": "Will Ferrell", "gender": "2"}, {"id": "William Shatner", "gender": "2"}, {"id": "Blake Clark", "gender": "0"}, {"id": "Jackie Sandler", "gender": "1"}, {"id": "Jared Sandler", "gender": "0"}, {"id": "Jon Lovitz", "gender": "2"}, {"id": "Jonathan Loughran", "gender": "0"}, {"id": "Kevin Nealon", "gender": "2"}, {"id": "Peter Dante", "gender": "2"}, {"id": "Robert Smigel", "gender": "2"}, {"id": "Steve Buscemi", "gender": "2"}, {"id": "Sunny Sandler", "gender": "0"}, {"id": "Adrian Rawlins", "gender": "2"}, {"id": "Geraldine Somerville", "gender": "1"}, {"id": "Richard Griffiths", "gender": "2"}, {"id": "Robert Hardy", "gender": "2"}, {"id": "Timothy Spall", "gender": "2"}, {"id": "Jennifer Coolidge", "gender": "1"}, {"id": "Frank Oz", "gender": "2"}, {"id": "Danny Trejo", "gender": "2"}, {"id": "Sven-Ole Thorsen", "gender": "2"}, {"id": "Jason Lee", "gender": "2"}, {"id": "Jan Rabson", "gender": "2"}, {"id": "Matt Damon", "gender": "2"}, {"id": "Ted Raimi", "gender": "2"}, {"id": "Timothy Patrick Quill", "gender": "0"}, {"id": "Stan Lee", "gender": "2"}, {"id": "Nichelle Nichols", "gender": "1"}, {"id": "Walter Gotell", "gender": "0"}, {"id": "Jena Malone", "gender": "1"}, {"id": "John Cho", "gender": "2"}, {"id": "Hugo Weaving", "gender": "2"}, {"id": "Fred Willard", "gender": "2"}, {"id": "Matthew Lillard", "gender": "2"}, {"id": "James Earl Jones", "gender": "0"}, {"id": "Famke Janssen", "gender": "1"}, {"id": "Halle Berry", "gender": "1"}, {"id": "Andy Serkis", "gender": "2"}, {"id": "Cate Blanchett", "gender": "1"}, {"id": "Christopher Lee", "gender": "2"}, {"id": "Orlando Bloom", "gender": "2"}, {"id": "Mike Epps", "gender": "2"}, {"id": "David Cross", "gender": "2"}, {"id": "Kyle Gass", "gender": "2"}, {"id": "Scott Mosier", "gender": "2"}, {"id": "Dan Marshall", "gender": "0"}, {"id": "Jeff Pidgeon", "gender": "2"}, {"id": "Pete Docter", "gender": "2"}, {"id": "Nick Loren", "gender": "2"}, {"id": "Bill Hader", "gender": "2"}, {"id": "Carla Gallo", "gender": "1"}, {"id": "Dom DeLuise", "gender": "2"}, {"id": "Phil Proctor", "gender": "2"}, {"id": "Ken Marino", "gender": "2"}, {"id": "Michael Ian Black", "gender": "2"}, {"id": "Frank Vincent", "gender": "2"}, {"id": "Paul Herman", "gender": "2"}, {"id": "Robert Shaye", "gender": "2"}, {"id": "Geoffrey Keen", "gender": "2"}, {"id": "Kevin Durand", "gender": "2"}, {"id": "Mindy Sterling", "gender": "1"}, {"id": "Craig Robinson", "gender": "2"}, {"id": "Danny McBride", "gender": "2"}, {"id": "Joie Lee", "gender": "1"}, {"id": "Toby Jones", "gender": "2"}, {"id": "Betsy Russell", "gender": "1"}, {"id": "Costas Mandylor", "gender": "2"}, {"id": "Shawnee Smith", "gender": "1"}, {"id": "Ving Rhames", "gender": "2"}, {"id": "Matt Walsh", "gender": "2"}], "links": [{"source": "Adam Sandler", "target": "Allen Covert", "movie_id": [1824, 2022, 9032, 9614, 9678, 10202, 10663, 50546, 71880, 109418, 232672, 257344]}, {"source": "Adam Sandler", "target": "Blake Clark", "movie_id": [1824, 10202, 10663, 87428, 347969]}, {"source": "Adam Sandler", "target": "Dan Patrick", "movie_id": [9291, 10663, 38365, 50546, 87428, 109418, 232672, 257344, 347969]}, {"source": "Adam Sandler", "target": "David Spade", "movie_id": [38365, 71880, 76492, 109418, 159824, 347969]}, {"source": "Adam Sandler", "target": "Jackie Sandler", "movie_id": [1824, 9032, 9678, 10202, 38317, 38365, 50546, 76492, 109418, 232672, 257344]}, {"source": "Adam Sandler", "target": "Jared Sandler", "movie_id": [9032, 109418, 232672, 257344, 347969]}, {"source": "Adam Sandler", "target": "Jon Lovitz", "movie_id": [9678, 76492, 109418, 159824, 347969]}, {"source": "Adam Sandler", "target": "Jonathan Loughran", "movie_id": [1824, 9032, 9678, 10202, 10663, 109418, 257344]}, {"source": "Adam Sandler", "target": "Kevin James", "movie_id": [1824, 10661, 38365, 76492, 109418, 159824, 257344]}, {"source": "Adam Sandler", "target": "Kevin Nealon", "movie_id": [9614, 9678, 10661, 50546, 232672]}, {"source": "Adam Sandler", "target": "Nick Swardson", "movie_id": [9339, 10202, 10661, 50546, 71880, 87428, 109418, 257344, 347969]}, {"source": "Adam Sandler", "target": "Peter Dante", "movie_id": [1824, 2022, 9032, 9678, 10663, 109418]}, {"source": "Adam Sandler", "target": "Rob Schneider", "movie_id": [1824, 9032, 9291, 9339, 10202, 10661, 10663, 38365, 347969]}, {"source": "Adam Sandler", "target": "Robert Smigel", "movie_id": [8051, 9614, 9678, 10661, 76492, 159824, 257344]}, {"source": "Adam Sandler", "target": "Sadie Sandler", "movie_id": [10202, 38365, 50546, 71880, 76492, 87428, 109418, 159824, 232672, 257344]}, {"source": "Adam Sandler", "target": "Steve Buscemi", "movie_id": [2022, 9032, 38365, 76492, 109418, 159824, 347969]}, {"source": "Adam Sandler", "target": "Sunny Sandler", "movie_id": [87428, 109418, 159824, 232672, 257344]}, {"source": "Alan Rickman", "target": "Adrian Rawlins", "movie_id": [671, 672, 673, 674, 675]}, {"source": "Alan Rickman", "target": "Alfie Enoch", "movie_id": [671, 672, 673, 674, 675, 767]}, {"source": "Alan Rickman", "target": "Bonnie Wright", "movie_id": [671, 672, 673, 674, 675, 767]}, {"source": "Alan Rickman", "target": "David Bradley", "movie_id": [671, 672, 673, 674, 675, 767]}, {"source": "Alan Rickman", "target": "Devon Murray", "movie_id": [671, 672, 673, 674, 675, 767]}, {"source": "Alan Rickman", "target": "Geraldine Somerville", "movie_id": [671, 672, 673, 674, 675, 767]}, {"source": "Alan Rickman", "target": "James Phelps", "movie_id": [671, 672, 673, 674, 675, 767]}, {"source": "Alan Rickman", "target": "Jamie Waylett", "movie_id": [671, 672, 673, 674, 675, 767]}, {"source": "Alan Rickman", "target": "Josh Herdman", "movie_id": [671, 672, 673, 674, 675, 767]}, {"source": "Alan Rickman", "target": "Julie Walters", "movie_id": [671, 672, 673, 675, 767]}, {"source": "Alan Rickman", "target": "Maggie Smith", "movie_id": [671, 672, 673, 674, 675]}, {"source": "Alan Rickman", "target": "Mark Williams", "movie_id": [672, 673, 674, 675, 767]}, {"source": "Alan Rickman", "target": "Matthew Lewis", "movie_id": [671, 672, 673, 674, 675, 767]}, {"source": "Alan Rickman", "target": "Oliver Phelps", "movie_id": [671, 672, 673, 674, 675, 767]}, {"source": "Alan Rickman", "target": "Richard Griffiths", "movie_id": [671, 672, 673, 675, 7453]}, {"source": "Alan Rickman", "target": "Robert Hardy", "movie_id": [672, 673, 674, 675, 4584]}, {"source": "Alan Rickman", "target": "Timothy Spall", "movie_id": [673, 674, 675, 767, 12155, 241259]}, {"source": "Alan Rickman", "target": "Warwick Davis", "movie_id": [671, 672, 673, 674, 675, 767, 7453]}, {"source": "Alfie Enoch", "target": "Adrian Rawlins", "movie_id": [671, 672, 673, 674, 675]}, {"source": "Allen Covert", "target": "Jackie Sandler", "movie_id": [1824, 9032, 9678, 10202, 14560, 50546, 109418, 232672]}, {"source": "Allen Covert", "target": "Jonathan Loughran", "movie_id": [1824, 9032, 9678, 10202, 109418, 257344]}, {"source": "Allen Covert", "target": "Peter Dante", "movie_id": [1824, 2022, 9032, 9678, 9900, 14220]}, {"source": "Allen Covert", "target": "Sadie Sandler", "movie_id": [10202, 50546, 71880, 109418, 232672, 257344]}, {"source": "Alyson Hannigan", "target": "Jennifer Coolidge", "movie_id": [2105, 2770, 8273, 10073, 71552]}, {"source": "Anthony Daniels", "target": "Frank Oz", "movie_id": [1891, 1892, 1893, 1894, 1895]}, {"source": "Anthony Daniels", "target": "Kenny Baker", "movie_id": [11, 1891, 1892, 1893, 1894, 1895]}, {"source": "Antonio Banderas", "target": "Cheech Marin", "movie_id": [1428, 8068, 9488, 10054, 12279]}, {"source": "Antonio Banderas", "target": "Danny Trejo", "movie_id": [1428, 8068, 9488, 10054, 12279]}, {"source": "Antonio Banderas", "target": "Salma Hayek", "movie_id": [5, 1428, 8068, 12279, 417859]}, {"source": "Arnold Schwarzenegger", "target": "Sven-Ole Thorsen", "movie_id": [106, 280, 865, 9387, 9493, 9610]}, {"source": "Ben Affleck", "target": "Jason Lee", "movie_id": [1832, 2255, 2294, 2295, 9541]}, {"source": "Ben Stiller", "target": "Owen Wilson", "movie_id": [693, 1593, 1597, 9384, 9398, 9428, 9894, 18360, 39451, 181533, 329833]}, {"source": "Bernard Lee", "target": "Desmond Llewelyn", "movie_id": [657, 658, 660, 667, 668, 681, 682, 691, 698]}, {"source": "Bernard Lee", "target": "Lois Maxwell", "movie_id": [253, 646, 657, 658, 660, 667, 681, 682, 691, 698]}, {"source": "Bob Bergen", "target": "Jan Rabson", "movie_id": [585, 10681, 22794, 150540, 328111]}, {"source": "Bob Bergen", "target": "Mickie McGowan", "movie_id": [585, 9016, 10386, 10681, 22794, 150540]}, {"source": "Bob Bergen", "target": "Mona Marshall", "movie_id": [585, 9016, 22794, 82690, 328111]}, {"source": "Bob Bergen", "target": "Paul Eiding", "movie_id": [585, 9016, 10386, 10681, 22794]}, {"source": "Bob Bergen", "target": "Sherry Lynn", "movie_id": [585, 9016, 10386, 10681, 22794]}, {"source": "Bonnie Hunt", "target": "John Ratzenberger", "movie_id": [920, 9487, 10193, 49013, 62211]}, {"source": "Bonnie Wright", "target": "Adrian Rawlins", "movie_id": [671, 672, 673, 674, 675]}, {"source": "Bonnie Wright", "target": "Alfie Enoch", "movie_id": [672, 673, 674, 675, 767]}, {"source": "Bonnie Wright", "target": "Devon Murray", "movie_id": [672, 673, 674, 675, 767]}, {"source": "Bonnie Wright", "target": "Geraldine Somerville", "movie_id": [671, 672, 673, 675, 767]}, {"source": "Bonnie Wright", "target": "Jamie Waylett", "movie_id": [672, 673, 674, 675, 767]}, {"source": "Bonnie Wright", "target": "Warwick Davis", "movie_id": [672, 673, 674, 675, 767]}, {"source": "Brad Pitt", "target": "Matt Damon", "movie_id": [161, 163, 298, 4912, 65759]}, {"source": "Bruce Campbell", "target": "Ted Raimi", "movie_id": [557, 558, 765, 766, 1961, 68728]}, {"source": "Bruce Campbell", "target": "Timothy Patrick Quill", "movie_id": [557, 558, 559, 766, 68728]}, {"source": "Cheech Marin", "target": "Danny Trejo", "movie_id": [755, 8068, 10054, 12279, 228326, 285923]}, {"source": "Chris Evans", "target": "Stan Lee", "movie_id": [1771, 1979, 24428, 99861, 100402, 271110]}, {"source": "Chris Miller", "target": "Conrad Vernon", "movie_id": [808, 953, 10527, 15512, 270946]}, {"source": "Christopher Knights", "target": "Conrad Vernon", "movie_id": [810, 953, 10192, 10527, 270946]}, {"source": "Conrad Vernon", "target": "Chris Miller", "movie_id": [809, 810, 10192, 14411, 417859]}, {"source": "Dan Patrick", "target": "Sadie Sandler", "movie_id": [38365, 50546, 87428, 109418, 232672, 257344]}, {"source": "Daniel Radcliffe", "target": "Adrian Rawlins", "movie_id": [671, 672, 673, 674, 675]}, {"source": "Daniel Radcliffe", "target": "Alan Rickman", "movie_id": [671, 672, 673, 674, 675, 767]}, {"source": "Daniel Radcliffe", "target": "Alfie Enoch", "movie_id": [671, 672, 673, 674, 675, 767]}, {"source": "Daniel Radcliffe", "target": "Bonnie Wright", "movie_id": [671, 672, 673, 674, 675, 767]}, {"source": "Daniel Radcliffe", "target": "David Bradley", "movie_id": [671, 672, 673, 674, 675, 767]}, {"source": "Daniel Radcliffe", "target": "Devon Murray", "movie_id": [671, 672, 673, 674, 675, 767]}, {"source": "Daniel Radcliffe", "target": "Emma Watson", "movie_id": [671, 672, 673, 674, 675, 767]}, {"source": "Daniel Radcliffe", "target": "Geraldine Somerville", "movie_id": [671, 672, 673, 674, 675, 767]}, {"source": "Daniel Radcliffe", "target": "James Phelps", "movie_id": [671, 672, 673, 674, 675, 767]}, {"source": "Daniel Radcliffe", "target": "Jamie Waylett", "movie_id": [671, 672, 673, 674, 675, 767]}, {"source": "Daniel Radcliffe", "target": "Josh Herdman", "movie_id": [671, 672, 673, 674, 675, 767]}, {"source": "Daniel Radcliffe", "target": "Julie Walters", "movie_id": [671, 672, 673, 675, 767]}, {"source": "Daniel Radcliffe", "target": "Maggie Smith", "movie_id": [671, 672, 673, 674, 675, 767]}, {"source": "Daniel Radcliffe", "target": "Mark Williams", "movie_id": [672, 673, 674, 675, 767]}, {"source": "Daniel Radcliffe", "target": "Matthew Lewis", "movie_id": [671, 672, 673, 674, 675, 767]}, {"source": "Daniel Radcliffe", "target": "Oliver Phelps", "movie_id": [671, 672, 673, 674, 675, 767]}, {"source": "Daniel Radcliffe", "target": "Robbie Coltrane", "movie_id": [671, 672, 673, 674, 675, 767]}, {"source": "Daniel Radcliffe", "target": "Rupert Grint", "movie_id": [671, 672, 673, 674, 675, 767]}, {"source": "Daniel Radcliffe", "target": "Tom Felton", "movie_id": [671, 672, 673, 674, 675, 767]}, {"source": "Daniel Radcliffe", "target": "Warwick Davis", "movie_id": [671, 672, 673, 674, 675, 767]}, {"source": "Danny Mann", "target": "Mickie McGowan", "movie_id": [585, 10193, 22794, 93456, 150540]}, {"source": "David Bradley", "target": "Adrian Rawlins", "movie_id": [671, 672, 673, 674, 675]}, {"source": "David Bradley", "target": "Alfie Enoch", "movie_id": [671, 672, 673, 674, 675, 767]}, {"source": "David Bradley", "target": "Devon Murray", "movie_id": [671, 672, 673, 674, 675, 767]}, {"source": "David Bradley", "target": "Jamie Waylett", "movie_id": [671, 672, 673, 674, 675, 767]}, {"source": "David Bradley", "target": "Josh Herdman", "movie_id": [671, 672, 673, 675, 767]}, {"source": "David Bradley", "target": "Warwick Davis", "movie_id": [671, 672, 673, 674, 675]}, {"source": "David Spade", "target": "Jon Lovitz", "movie_id": [9957, 13778, 76492, 109418, 159824, 347969]}, {"source": "David Spade", "target": "Sadie Sandler", "movie_id": [38365, 71880, 76492, 109418, 159824]}, {"source": "DeForest Kelley", "target": "George Takei", "movie_id": [152, 154, 157, 168, 172, 174, 15800]}, {"source": "DeForest Kelley", "target": "James Doohan", "movie_id": [152, 154, 157, 168, 172, 174]}, {"source": "DeForest Kelley", "target": "Nichelle Nichols", "movie_id": [152, 154, 157, 168, 172, 174]}, {"source": "DeForest Kelley", "target": "Walter Koenig", "movie_id": [152, 154, 157, 168, 172, 174]}, {"source": "Desmond Llewelyn", "target": "Lois Maxwell", "movie_id": [660, 681, 691, 698, 700, 707]}, {"source": "Desmond Llewelyn", "target": "Walter Gotell", "movie_id": [698, 699, 700, 707, 708]}, {"source": "Devon Murray", "target": "Adrian Rawlins", "movie_id": [671, 672, 673, 674, 675]}, {"source": "Devon Murray", "target": "Jamie Waylett", "movie_id": [671, 673, 674, 675, 767]}, {"source": "Donald Sutherland", "target": "Jena Malone", "movie_id": [2289, 4348, 101299, 131631, 131634]}, {"source": "Eddie Kaye Thomas", "target": "John Cho", "movie_id": [2105, 2770, 8273, 12182, 71552]}, {"source": "Elijah Wood", "target": "Hugo Weaving", "movie_id": [120, 121, 122, 9836, 49051, 65759]}, {"source": "Emma Watson", "target": "Adrian Rawlins", "movie_id": [671, 672, 673, 674, 675]}, {"source": "Emma Watson", "target": "Alan Rickman", "movie_id": [671, 672, 673, 674, 675, 767]}, {"source": "Emma Watson", "target": "Alfie Enoch", "movie_id": [671, 672, 673, 674, 675, 767]}, {"source": "Emma Watson", "target": "Bonnie Wright", "movie_id": [671, 672, 673, 674, 675, 767]}, {"source": "Emma Watson", "target": "David Bradley", "movie_id": [671, 672, 673, 674, 675, 767]}, {"source": "Emma Watson", "target": "Devon Murray", "movie_id": [671, 672, 673, 674, 675, 767]}, {"source": "Emma Watson", "target": "Geraldine Somerville", "movie_id": [671, 672, 673, 674, 675, 767, 75900]}, {"source": "Emma Watson", "target": "James Phelps", "movie_id": [671, 672, 673, 674, 675, 767]}, {"source": "Emma Watson", "target": "Jamie Waylett", "movie_id": [671, 672, 673, 674, 675, 767]}, {"source": "Emma Watson", "target": "Josh Herdman", "movie_id": [671, 672, 673, 674, 675, 767]}, {"source": "Emma Watson", "target": "Julie Walters", "movie_id": [671, 672, 673, 675, 767]}, {"source": "Emma Watson", "target": "Maggie Smith", "movie_id": [671, 672, 673, 674, 675, 767]}, {"source": "Emma Watson", "target": "Mark Williams", "movie_id": [672, 673, 674, 675, 767]}, {"source": "Emma Watson", "target": "Matthew Lewis", "movie_id": [671, 672, 673, 674, 675, 767]}, {"source": "Emma Watson", "target": "Oliver Phelps", "movie_id": [671, 672, 673, 674, 675, 767]}, {"source": "Emma Watson", "target": "Robbie Coltrane", "movie_id": [671, 672, 673, 674, 675, 767, 10199]}, {"source": "Emma Watson", "target": "Tom Felton", "movie_id": [671, 672, 673, 674, 675, 767]}, {"source": "Emma Watson", "target": "Warwick Davis", "movie_id": [671, 672, 673, 674, 675, 767]}, {"source": "Eugene Levy", "target": "Fred Willard", "movie_id": [8273, 13370, 13785, 14799, 16448]}, {"source": "Eugene Levy", "target": "Jennifer Coolidge", "movie_id": [2105, 2770, 8273, 13370, 13785, 14799, 16300]}, {"source": "Freddie Prinze Jr.", "target": "Matthew Lillard", "movie_id": [9637, 10314, 10350, 11024, 26602]}, {"source": "George Takei", "target": "Nichelle Nichols", "movie_id": [152, 154, 157, 168, 172, 174]}, {"source": "George Takei", "target": "Walter Koenig", "movie_id": [152, 154, 157, 168, 172, 174]}, {"source": "Gwyneth Paltrow", "target": "Paul Bettany", "movie_id": [1726, 10138, 24428, 68721, 210860]}, {"source": "Harrison Ford", "target": "James Earl Jones", "movie_id": [11, 1891, 1892, 9331, 9869]}, {"source": "Helena Bonham Carter", "target": "Timothy Spall", "movie_id": [675, 767, 12155, 45269, 241259]}, {"source": "Hugh Jackman", "target": "Famke Janssen", "movie_id": [36657, 36658, 36668, 76170, 127585]}, {"source": "Hugh Jackman", "target": "Halle Berry", "movie_id": [9705, 36657, 36658, 36668, 127585]}, {"source": "Hugh Jackman", "target": "Ian McKellen", "movie_id": [11619, 36657, 36658, 36668, 76170, 127585]}, {"source": "Ian McKellen", "target": "Andy Serkis", "movie_id": [120, 121, 122, 11619, 49051]}, {"source": "Ian McKellen", "target": "Cate Blanchett", "movie_id": [120, 121, 122, 49051, 57158, 122917]}, {"source": "Ian McKellen", "target": "Christopher Lee", "movie_id": [120, 121, 122, 2268, 49051, 122917]}, {"source": "Ian McKellen", "target": "Hugo Weaving", "movie_id": [120, 121, 122, 49051, 122917]}, {"source": "Ian McKellen", "target": "Orlando Bloom", "movie_id": [120, 121, 122, 57158, 122917]}, {"source": "Ice Cube", "target": "Mike Epps", "movie_id": [10426, 10471, 13950, 25186, 41382]}, {"source": "Jack Angel", "target": "Mickie McGowan", "movie_id": [585, 812, 9016, 10193, 10386, 93456]}, {"source": "Jack Angel", "target": "Sherry Lynn", "movie_id": [585, 812, 9016, 10193, 10386, 93456]}, {"source": "Jack Black", "target": "David Cross", "movie_id": [9502, 9894, 17610, 49444, 140300]}, {"source": "Jack Black", "target": "Kyle Gass", "movie_id": [9502, 9889, 10878, 17610, 32274]}, {"source": "James Doohan", "target": "George Takei", "movie_id": [152, 154, 157, 168, 172, 174, 15800]}, {"source": "James Doohan", "target": "Nichelle Nichols", "movie_id": [152, 154, 157, 168, 172, 174]}, {"source": "James Doohan", "target": "Walter Koenig", "movie_id": [152, 154, 157, 168, 172, 174, 193]}, {"source": "James Phelps", "target": "Adrian Rawlins", "movie_id": [671, 672, 673, 674, 675]}, {"source": "James Phelps", "target": "Alfie Enoch", "movie_id": [671, 672, 673, 674, 675, 767]}, {"source": "James Phelps", "target": "Devon Murray", "movie_id": [671, 672, 673, 674, 675, 767]}, {"source": "James Phelps", "target": "Geraldine Somerville", "movie_id": [671, 672, 673, 675, 767]}, {"source": "James Phelps", "target": "Jamie Waylett", "movie_id": [671, 672, 673, 674, 675, 767]}, {"source": "James Phelps", "target": "Josh Herdman", "movie_id": [671, 672, 673, 675, 767]}, {"source": "James Phelps", "target": "Oliver Phelps", "movie_id": [671, 672, 673, 674, 675]}, {"source": "James Phelps", "target": "Warwick Davis", "movie_id": [672, 673, 674, 675, 767]}, {"source": "Jamie Waylett", "target": "Adrian Rawlins", "movie_id": [671, 672, 673, 674, 675]}, {"source": "Jason Biggs", "target": "Alyson Hannigan", "movie_id": [2105, 2770, 8273, 10571, 71552]}, {"source": "Jason Mewes", "target": "Kevin Smith", "movie_id": [1832, 2255, 2292, 2293, 2295]}, {"source": "Jason Mewes", "target": "Scott Mosier", "movie_id": [1832, 2255, 2292, 2293, 2295]}, {"source": "Jess Harnell", "target": "Danny Mann", "movie_id": [10193, 22794, 93456, 150540, 328111]}, {"source": "Jess Harnell", "target": "Mickie McGowan", "movie_id": [10193, 10681, 22794, 93456, 150540]}, {"source": "John Cygan", "target": "Jan Rabson", "movie_id": [10193, 10681, 22794, 93456, 150540]}, {"source": "John Cygan", "target": "Jess Harnell", "movie_id": [10193, 10681, 22794, 93456, 150540]}, {"source": "John Cygan", "target": "Mickie McGowan", "movie_id": [9016, 10193, 10681, 22794, 93456, 150540]}, {"source": "John Cygan", "target": "Sherry Lynn", "movie_id": [9016, 10193, 10681, 22794, 93456, 150540]}, {"source": "John Franchi", "target": "Dan Marshall", "movie_id": [11324, 18240, 23168, 45317, 63492]}, {"source": "John Ratzenberger", "target": "Jeff Pidgeon", "movie_id": [585, 863, 9806, 10193, 10681]}, {"source": "John Ratzenberger", "target": "Mickie McGowan", "movie_id": [585, 863, 10193, 10681, 14160, 150540]}, {"source": "John Ratzenberger", "target": "Pete Docter", "movie_id": [585, 9806, 10681, 14160, 150540]}, {"source": "John Travolta", "target": "Nick Loren", "movie_id": [2976, 4551, 9705, 10782, 26389, 334527]}, {"source": "Johnny Depp", "target": "Helena Bonham Carter", "movie_id": [118, 3933, 12155, 57201, 62213, 241259]}, {"source": "Jonah Hill", "target": "Bill Hader", "movie_id": [4964, 8363, 38055, 187017, 223702]}, {"source": "Jonah Hill", "target": "Carla Gallo", "movie_id": [6957, 8363, 9870, 20829, 32823]}, {"source": "Josh Herdman", "target": "Adrian Rawlins", "movie_id": [671, 672, 673, 674, 675]}, {"source": "Josh Herdman", "target": "Geraldine Somerville", "movie_id": [671, 672, 673, 674, 675]}, {"source": "Julie Walters", "target": "Geraldine Somerville", "movie_id": [671, 672, 673, 675, 767]}, {"source": "Kenny Baker", "target": "Frank Oz", "movie_id": [1891, 1892, 1893, 1894, 1895]}, {"source": "Kevin James", "target": "Jackie Sandler", "movie_id": [14560, 38317, 38365, 76492, 109418, 256961, 257344]}, {"source": "Kevin James", "target": "Sadie Sandler", "movie_id": [38365, 76492, 109418, 159824, 257344]}, {"source": "Kevin Smith", "target": "Scott Mosier", "movie_id": [1832, 2255, 2292, 2293, 2295]}, {"source": "Kristen Wiig", "target": "Bill Hader", "movie_id": [4964, 8355, 10071, 16614, 39513, 223702, 244772]}, {"source": "Laraine Newman", "target": "Jan Rabson", "movie_id": [585, 10681, 22794, 93456, 150540, 328111]}, {"source": "Leonard Nimoy", "target": "DeForest Kelley", "movie_id": [152, 154, 157, 168, 172, 174]}, {"source": "Leonard Nimoy", "target": "George Takei", "movie_id": [152, 154, 157, 168, 172, 174, 15800]}, {"source": "Leonard Nimoy", "target": "James Doohan", "movie_id": [152, 154, 157, 168, 172, 174]}, {"source": "Leonard Nimoy", "target": "Nichelle Nichols", "movie_id": [152, 154, 157, 168, 172, 174]}, {"source": "Leonard Nimoy", "target": "Walter Koenig", "movie_id": [152, 154, 157, 168, 172, 174]}, {"source": "Lois Maxwell", "target": "Desmond Llewelyn", "movie_id": [657, 658, 667, 668, 682, 699]}, {"source": "Lori Alan", "target": "Jan Rabson", "movie_id": [10193, 10681, 22794, 93456, 150540]}, {"source": "Maggie Smith", "target": "Adrian Rawlins", "movie_id": [671, 672, 673, 674, 675]}, {"source": "Maggie Smith", "target": "Alfie Enoch", "movie_id": [671, 672, 673, 674, 675, 767]}, {"source": "Maggie Smith", "target": "Bonnie Wright", "movie_id": [671, 672, 673, 674, 675, 767]}, {"source": "Maggie Smith", "target": "David Bradley", "movie_id": [671, 672, 673, 674, 675, 767]}, {"source": "Maggie Smith", "target": "Devon Murray", "movie_id": [671, 672, 673, 674, 675, 767]}, {"source": "Maggie Smith", "target": "Geraldine Somerville", "movie_id": [671, 672, 673, 674, 675, 767, 5279]}, {"source": "Maggie Smith", "target": "James Phelps", "movie_id": [671, 672, 673, 674, 675, 767]}, {"source": "Maggie Smith", "target": "Jamie Waylett", "movie_id": [671, 672, 673, 674, 675, 767]}, {"source": "Maggie Smith", "target": "Josh Herdman", "movie_id": [671, 672, 673, 675, 767]}, {"source": "Maggie Smith", "target": "Julie Walters", "movie_id": [671, 672, 673, 675, 767]}, {"source": "Maggie Smith", "target": "Mark Williams", "movie_id": [672, 673, 674, 675, 767]}, {"source": "Maggie Smith", "target": "Matthew Lewis", "movie_id": [671, 672, 673, 674, 675, 767]}, {"source": "Maggie Smith", "target": "Oliver Phelps", "movie_id": [671, 672, 673, 674, 675, 767]}, {"source": "Maggie Smith", "target": "Warwick Davis", "movie_id": [671, 672, 673, 674, 675, 767]}, {"source": "Mark Williams", "target": "Alfie Enoch", "movie_id": [672, 673, 674, 675, 767]}, {"source": "Mark Williams", "target": "Devon Murray", "movie_id": [672, 673, 674, 675, 767]}, {"source": "Mark Williams", "target": "Jamie Waylett", "movie_id": [672, 673, 674, 675, 767]}, {"source": "Mark Williams", "target": "Warwick Davis", "movie_id": [672, 673, 674, 675, 767]}, {"source": "Matthew Lewis", "target": "Adrian Rawlins", "movie_id": [671, 672, 673, 674, 675]}, {"source": "Matthew Lewis", "target": "Alfie Enoch", "movie_id": [671, 672, 673, 674, 675, 767]}, {"source": "Matthew Lewis", "target": "Devon Murray", "movie_id": [671, 672, 673, 674, 675, 767]}, {"source": "Matthew Lewis", "target": "Geraldine Somerville", "movie_id": [671, 672, 673, 675, 767]}, {"source": "Matthew Lewis", "target": "James Phelps", "movie_id": [671, 672, 674, 675, 767]}, {"source": "Matthew Lewis", "target": "Jamie Waylett", "movie_id": [671, 672, 673, 674, 675, 767]}, {"source": "Matthew Lewis", "target": "Josh Herdman", "movie_id": [671, 672, 673, 675, 767]}, {"source": "Matthew Lewis", "target": "Mark Williams", "movie_id": [672, 673, 674, 675, 767]}, {"source": "Matthew Lewis", "target": "Oliver Phelps", "movie_id": [671, 672, 674, 675, 767]}, {"source": "Matthew Lewis", "target": "Warwick Davis", "movie_id": [671, 672, 673, 674, 675, 767]}, {"source": "Mel Brooks", "target": "Dom DeLuise", "movie_id": [957, 10156, 10970, 11072, 11176]}, {"source": "Michael Gambon", "target": "Mark Williams", "movie_id": [673, 674, 675, 767, 10034]}, {"source": "Mickie McGowan", "target": "Jan Rabson", "movie_id": [585, 10681, 22794, 93456, 150540]}, {"source": "Mickie McGowan", "target": "Phil Proctor", "movie_id": [585, 812, 863, 9016, 10386]}, {"source": "Mona Marshall", "target": "Jan Rabson", "movie_id": [585, 22794, 93456, 150540, 328111]}, {"source": "Mona Marshall", "target": "Laraine Newman", "movie_id": [585, 22794, 82690, 93456, 150540, 328111]}, {"source": "Mona Marshall", "target": "Mickie McGowan", "movie_id": [585, 9016, 22794, 93456, 150540]}, {"source": "Nick Swardson", "target": "Allen Covert", "movie_id": [10202, 12620, 50546, 71880, 109418]}, {"source": "Nick Swardson", "target": "Jackie Sandler", "movie_id": [9957, 10202, 50546, 67911, 109418]}, {"source": "Nick Swardson", "target": "Sadie Sandler", "movie_id": [10202, 50546, 71880, 87428, 109418, 257344]}, {"source": "Oliver Phelps", "target": "Adrian Rawlins", "movie_id": [671, 672, 673, 674, 675]}, {"source": "Oliver Phelps", "target": "Alfie Enoch", "movie_id": [671, 672, 673, 674, 675, 767]}, {"source": "Oliver Phelps", "target": "Devon Murray", "movie_id": [671, 672, 673, 674, 675, 767]}, {"source": "Oliver Phelps", "target": "Geraldine Somerville", "movie_id": [671, 672, 673, 675, 767]}, {"source": "Oliver Phelps", "target": "Jamie Waylett", "movie_id": [671, 672, 673, 674, 675, 767]}, {"source": "Oliver Phelps", "target": "Josh Herdman", "movie_id": [671, 672, 673, 675, 767]}, {"source": "Oliver Phelps", "target": "Warwick Davis", "movie_id": [672, 673, 674, 675, 767]}, {"source": "Owen Wilson", "target": "Will Ferrell", "movie_id": [9384, 9398, 12183, 116741, 329833]}, {"source": "Paul Bettany", "target": "Stan Lee", "movie_id": [1726, 10138, 24428, 68721, 99861, 271110]}, {"source": "Paul Eiding", "target": "Mickie McGowan", "movie_id": [585, 9016, 10386, 10681, 22794]}, {"source": "Paul Eiding", "target": "Sherry Lynn", "movie_id": [585, 9016, 10386, 10681, 22794]}, {"source": "Paul Rudd", "target": "Ken Marino", "movie_id": [10090, 13173, 15373, 50647, 180296]}, {"source": "Paul Rudd", "target": "Michael Ian Black", "movie_id": [10090, 13173, 50647, 89492, 180296]}, {"source": "Rob Schneider", "target": "Jackie Sandler", "movie_id": [1824, 9032, 9957, 10402, 38365]}, {"source": "Robbie Coltrane", "target": "Adrian Rawlins", "movie_id": [671, 672, 673, 674, 675]}, {"source": "Robbie Coltrane", "target": "Alfie Enoch", "movie_id": [671, 672, 673, 674, 675, 767]}, {"source": "Robbie Coltrane", "target": "Bonnie Wright", "movie_id": [671, 672, 673, 674, 675, 767]}, {"source": "Robbie Coltrane", "target": "David Bradley", "movie_id": [671, 672, 673, 674, 675, 767]}, {"source": "Robbie Coltrane", "target": "Devon Murray", "movie_id": [671, 672, 673, 674, 675, 767]}, {"source": "Robbie Coltrane", "target": "Geraldine Somerville", "movie_id": [671, 672, 673, 674, 675, 767]}, {"source": "Robbie Coltrane", "target": "James Phelps", "movie_id": [671, 672, 673, 674, 675, 767]}, {"source": "Robbie Coltrane", "target": "Jamie Waylett", "movie_id": [671, 672, 673, 674, 675, 767]}, {"source": "Robbie Coltrane", "target": "Josh Herdman", "movie_id": [671, 672, 673, 674, 675, 767]}, {"source": "Robbie Coltrane", "target": "Julie Walters", "movie_id": [671, 672, 673, 675, 767]}, {"source": "Robbie Coltrane", "target": "Maggie Smith", "movie_id": [671, 672, 673, 674, 675, 767]}, {"source": "Robbie Coltrane", "target": "Mark Williams", "movie_id": [672, 673, 674, 675, 767]}, {"source": "Robbie Coltrane", "target": "Matthew Lewis", "movie_id": [671, 672, 673, 674, 675, 767]}, {"source": "Robbie Coltrane", "target": "Oliver Phelps", "movie_id": [671, 672, 673, 674, 675, 767]}, {"source": "Robbie Coltrane", "target": "Warwick Davis", "movie_id": [671, 672, 673, 674, 675, 767]}, {"source": "Robert De Niro", "target": "Frank Vincent", "movie_id": [524, 769, 1578, 2142, 10555]}, {"source": "Robert De Niro", "target": "Paul Herman", "movie_id": [311, 524, 769, 2749, 82693, 274479]}, {"source": "Robert Downey Jr.", "target": "Paul Bettany", "movie_id": [1726, 10138, 24428, 68721, 99861, 271110]}, {"source": "Robert Downey Jr.", "target": "Stan Lee", "movie_id": [1724, 1726, 10138, 24428, 68721, 99861, 271110]}, {"source": "Robert Englund", "target": "Robert Shaye", "movie_id": [6466, 10014, 10131, 11284, 11596]}, {"source": "Roger Moore", "target": "Desmond Llewelyn", "movie_id": [682, 691, 698, 699, 700, 707]}, {"source": "Roger Moore", "target": "Geoffrey Keen", "movie_id": [691, 698, 699, 700, 707]}, {"source": "Roger Moore", "target": "Lois Maxwell", "movie_id": [253, 682, 691, 698, 699, 700, 707]}, {"source": "Roger Moore", "target": "Walter Gotell", "movie_id": [691, 698, 699, 700, 707]}, {"source": "Rupert Grint", "target": "Adrian Rawlins", "movie_id": [671, 672, 673, 674, 675]}, {"source": "Rupert Grint", "target": "Alan Rickman", "movie_id": [671, 672, 673, 674, 675, 767]}, {"source": "Rupert Grint", "target": "Alfie Enoch", "movie_id": [671, 672, 673, 674, 675, 767]}, {"source": "Rupert Grint", "target": "Bonnie Wright", "movie_id": [671, 672, 673, 674, 675, 767]}, {"source": "Rupert Grint", "target": "David Bradley", "movie_id": [671, 672, 673, 674, 675, 767]}, {"source": "Rupert Grint", "target": "Devon Murray", "movie_id": [671, 672, 673, 674, 675, 767]}, {"source": "Rupert Grint", "target": "Emma Watson", "movie_id": [671, 672, 673, 674, 675, 767]}, {"source": "Rupert Grint", "target": "Geraldine Somerville", "movie_id": [671, 672, 673, 674, 675, 767]}, {"source": "Rupert Grint", "target": "James Phelps", "movie_id": [671, 672, 673, 674, 675, 767]}, {"source": "Rupert Grint", "target": "Jamie Waylett", "movie_id": [671, 672, 673, 674, 675, 767]}, {"source": "Rupert Grint", "target": "Josh Herdman", "movie_id": [671, 672, 673, 674, 675, 767]}, {"source": "Rupert Grint", "target": "Julie Walters", "movie_id": [671, 672, 673, 675, 767, 11404]}, {"source": "Rupert Grint", "target": "Maggie Smith", "movie_id": [671, 672, 673, 674, 675, 767]}, {"source": "Rupert Grint", "target": "Mark Williams", "movie_id": [672, 673, 674, 675, 767]}, {"source": "Rupert Grint", "target": "Matthew Lewis", "movie_id": [671, 672, 673, 674, 675, 767]}, {"source": "Rupert Grint", "target": "Oliver Phelps", "movie_id": [671, 672, 673, 674, 675, 767]}, {"source": "Rupert Grint", "target": "Robbie Coltrane", "movie_id": [671, 672, 673, 674, 675, 767]}, {"source": "Rupert Grint", "target": "Tom Felton", "movie_id": [671, 672, 673, 674, 675, 767]}, {"source": "Rupert Grint", "target": "Warwick Davis", "movie_id": [671, 672, 673, 674, 675, 767]}, {"source": "Russell Crowe", "target": "Kevin Durand", "movie_id": [5176, 15198, 20662, 86834, 137321]}, {"source": "Sadie Sandler", "target": "Sunny Sandler", "movie_id": [87428, 109418, 159824, 232672, 257344]}, {"source": "Salma Hayek", "target": "Danny Trejo", "movie_id": [755, 1428, 8068, 12279, 145220]}, {"source": "Samuel L. Jackson", "target": "Stan Lee", "movie_id": [1726, 1771, 10138, 24428, 99861, 100402]}, {"source": "Scarlett Johansson", "target": "Stan Lee", "movie_id": [10138, 24428, 99861, 100402, 271110]}, {"source": "Sean Connery", "target": "Bernard Lee", "movie_id": [646, 657, 658, 660, 667, 681]}, {"source": "Sean Connery", "target": "Desmond Llewelyn", "movie_id": [657, 658, 660, 667, 681]}, {"source": "Sean Connery", "target": "Lois Maxwell", "movie_id": [646, 657, 658, 660, 667, 681]}, {"source": "Seth Green", "target": "Mindy Sterling", "movie_id": [816, 817, 818, 6552, 50321]}, {"source": "Seth Rogen", "target": "Bill Hader", "movie_id": [1819, 4964, 10189, 39513, 223702]}, {"source": "Seth Rogen", "target": "Carla Gallo", "movie_id": [6957, 8363, 20829, 195589, 325133]}, {"source": "Seth Rogen", "target": "Craig Robinson", "movie_id": [4964, 10189, 10358, 109414, 223702]}, {"source": "Seth Rogen", "target": "Danny McBride", "movie_id": [10189, 16991, 49444, 109414, 223702]}, {"source": "Sherry Lynn", "target": "Mickie McGowan", "movie_id": [585, 812, 9016, 10386, 10681, 22794, 150540]}, {"source": "Sherry Lynn", "target": "Phil Proctor", "movie_id": [585, 812, 9016, 10386, 150540]}, {"source": "Spike Lee", "target": "Joie Lee", "movie_id": [925, 27995, 36739, 41823, 61752]}, {"source": "Stanley Tucci", "target": "Toby Jones", "movie_id": [1771, 70160, 101299, 131634, 145220]}, {"source": "Tobin Bell", "target": "Betsy Russell", "movie_id": [214, 663, 11917, 22804, 41439]}, {"source": "Tobin Bell", "target": "Costas Mandylor", "movie_id": [214, 663, 11917, 22804, 41439]}, {"source": "Tobin Bell", "target": "Shawnee Smith", "movie_id": [176, 214, 215, 663, 11917, 22804]}, {"source": "Tom Cruise", "target": "Ving Rhames", "movie_id": [954, 955, 956, 56292, 177677]}, {"source": "Tom Felton", "target": "Adrian Rawlins", "movie_id": [671, 672, 673, 674, 675]}, {"source": "Tom Felton", "target": "Alfie Enoch", "movie_id": [671, 672, 673, 674, 675, 767]}, {"source": "Tom Felton", "target": "Bonnie Wright", "movie_id": [671, 672, 673, 674, 675, 767]}, {"source": "Tom Felton", "target": "David Bradley", "movie_id": [671, 672, 673, 674, 675, 767]}, {"source": "Tom Felton", "target": "Devon Murray", "movie_id": [671, 672, 673, 674, 675, 767]}, {"source": "Tom Felton", "target": "Geraldine Somerville", "movie_id": [671, 672, 673, 675, 767]}, {"source": "Tom Felton", "target": "James Phelps", "movie_id": [671, 672, 673, 674, 675, 767]}, {"source": "Tom Felton", "target": "Jamie Waylett", "movie_id": [671, 672, 673, 674, 675, 767]}, {"source": "Tom Felton", "target": "Josh Herdman", "movie_id": [671, 672, 673, 675, 767]}, {"source": "Tom Felton", "target": "Julie Walters", "movie_id": [671, 672, 673, 675, 767]}, {"source": "Tom Felton", "target": "Maggie Smith", "movie_id": [671, 672, 673, 675, 767]}, {"source": "Tom Felton", "target": "Mark Williams", "movie_id": [672, 673, 674, 675, 767, 9449]}, {"source": "Tom Felton", "target": "Matthew Lewis", "movie_id": [671, 672, 673, 675, 767]}, {"source": "Tom Felton", "target": "Oliver Phelps", "movie_id": [671, 672, 673, 674, 675, 767]}, {"source": "Tom Felton", "target": "Warwick Davis", "movie_id": [671, 672, 673, 674, 675, 767]}, {"source": "Tom McGrath", "target": "Chris Miller", "movie_id": [810, 953, 10527, 15512, 270946, 417859]}, {"source": "Walter Koenig", "target": "Nichelle Nichols", "movie_id": [152, 154, 157, 168, 172, 174]}, {"source": "Warwick Davis", "target": "Adrian Rawlins", "movie_id": [671, 672, 673, 674, 675]}, {"source": "Warwick Davis", "target": "Geraldine Somerville", "movie_id": [671, 672, 673, 675, 767]}, {"source": "Will Ferrell", "target": "Matt Walsh", "movie_id": [9384, 10719, 12133, 13260, 257091]}, {"source": "William Shatner", "target": "DeForest Kelley", "movie_id": [152, 154, 157, 168, 172, 174]}, {"source": "William Shatner", "target": "George Takei", "movie_id": [152, 154, 157, 168, 172, 174, 15800]}, {"source": "William Shatner", "target": "James Doohan", "movie_id": [152, 154, 157, 168, 172, 174, 193, 9644]}, {"source": "William Shatner", "target": "Leonard Nimoy", "movie_id": [152, 154, 157, 168, 172, 174]}, {"source": "William Shatner", "target": "Nichelle Nichols", "movie_id": [152, 154, 157, 168, 172, 174]}, {"source": "William Shatner", "target": "Walter Koenig", "movie_id": [152, 154, 157, 168, 172, 174, 193]}], "movies_info": [{"movie_id": 559, "genres": ["Fantasy", "Action", "Adventure"], "homepage": "http://www.sonypictures.com/movies/spider-man3/", "original_title": "Spider-Man 3", "popularity": 115.69981399999999, "release_date": "2007-05-01", "vote_average": 5.9, "production_companies": ["Columbia Pictures", "Laura Ziskin Productions", "Marvel Enterprises"], "overview": "The seemingly invincible Spider-Man goes up against an all-new crop of villain \u2013 including the shape-shifting Sandman. While Spider-Man\u2019s superpowers are altered by an alien organism, his alter ego, Peter Parker, deals with nemesis Eddie Brock and also gets caught up in a love triangle.", "revenue": 890871626, "budget": 258000000}, {"movie_id": 99861, "genres": ["Action", "Adventure", "Science Fiction"], "homepage": "http://marvel.com/movies/movie/193/avengers_age_of_ultron", "original_title": "Avengers: Age of Ultron", "popularity": 134.27922900000002, "release_date": "2015-04-22", "vote_average": 7.3, "production_companies": ["Marvel Studios", "Prime Focus", "Revolution Sun Studios"], "overview": "When Tony Stark tries to jumpstart a dormant peacekeeping program, things go awry and Earth\u2019s Mightiest Heroes are put to the ultimate test as the fate of the planet hangs in the balance. As the villainous Ultron emerges, it is up to The Avengers to stop him from enacting his terrible plans, and soon uneasy alliances and unexpected action pave the way for an epic and unique global adventure.", "revenue": 1405403694, "budget": 280000000}, {"movie_id": 767, "genres": ["Adventure", "Fantasy", "Family"], "homepage": "http://harrypotter.warnerbros.com/harrypotterandthehalf-bloodprince/dvd/index.html", "original_title": "Harry Potter and the Half-Blood Prince", "popularity": 98.885637, "release_date": "2009-07-07", "vote_average": 7.4, "production_companies": ["Warner Bros.", "Heyday Films"], "overview": "As Harry begins his sixth year at Hogwarts, he discovers an old book marked as 'Property of the Half-Blood Prince', and begins to learn more about Lord Voldemort's dark past.", "revenue": 933959197, "budget": 250000000}, {"movie_id": 57201, "genres": ["Action", "Adventure", "Western"], "homepage": "http://disney.go.com/the-lone-ranger/", "original_title": "The Lone Ranger", "popularity": 49.046956, "release_date": "2013-07-03", "vote_average": 5.9, "production_companies": ["Walt Disney Pictures", "Jerry Bruckheimer Films", "Infinitum Nihil", "Silver Bullet Productions (II)", "Blind Wink Productions", "Classic Media"], "overview": "The Texas Rangers chase down a gang of outlaws led by Butch Cavendish, but the gang ambushes the Rangers, seemingly killing them all. One survivor is found, however, by an American Indian named Tonto, who nurses him back to health. The Ranger, donning a mask and riding a white stallion named Silver, teams up with Tonto to bring the unscrupulous gang and others of that ilk to justice.", "revenue": 89289910, "budget": 255000000}, {"movie_id": 24428, "genres": ["Science Fiction", "Action", "Adventure"], "homepage": "http://marvel.com/avengers_movie/", "original_title": "The Avengers", "popularity": 144.448633, "release_date": "2012-04-25", "vote_average": 7.4, "production_companies": ["Paramount Pictures", "Marvel Studios"], "overview": "When an unexpected enemy emerges and threatens global safety and security, Nick Fury, director of the international peacekeeping agency known as S.H.I.E.L.D., finds himself in need of a team to pull the world back from the brink of disaster. Spanning the globe, a daring recruitment effort begins!", "revenue": 1519557910, "budget": 220000000}, {"movie_id": 122917, "genres": ["Action", "Adventure", "Fantasy"], "homepage": "http://www.thehobbit.com/", "original_title": "The Hobbit: The Battle of the Five Armies", "popularity": 120.96574299999999, "release_date": "2014-12-10", "vote_average": 7.1, "production_companies": ["WingNut Films", "New Line Cinema", "Warner Bros. Pictures", "3Foot7", "Metro-Goldwyn-Mayer (MGM)"], "overview": "Immediately after the events of The Desolation of Smaug, Bilbo and the dwarves try to defend Erebor's mountain of treasure from others who claim it: the men of the ruined Laketown and the elves of Mirkwood. Meanwhile an army of Orcs led by Azog the Defiler is marching on Erebor, fueled by the rise of the dark lord Sauron. Dwarves, elves and men must unite, and the hope for Middle-Earth falls into Bilbo's hands.", "revenue": 956019788, "budget": 250000000}, {"movie_id": 20662, "genres": ["Action", "Adventure"], "homepage": "http://www.robinhoodthemovie.com/", "original_title": "Robin Hood", "popularity": 37.668301, "release_date": "2010-05-12", "vote_average": 6.2, "production_companies": ["Imagine Entertainment", "Universal Pictures", "Scott Free Productions", "Relativity Media"], "overview": "When soldier Robin happens upon the dying Robert of Loxley, he promises to return the man's sword to his family in Nottingham. There, he assumes Robert's identity; romances his widow, Marion; and draws the ire of the town's sheriff and King John's henchman, Godfrey.", "revenue": 310669540, "budget": 200000000}, {"movie_id": 57158, "genres": ["Adventure", "Fantasy"], "homepage": "http://www.thehobbit.com/", "original_title": "The Hobbit: The Desolation of Smaug", "popularity": 94.370564, "release_date": "2013-12-11", "vote_average": 7.6, "production_companies": ["WingNut Films", "New Line Cinema", "Warner Bros. Pictures", "Metro-Goldwyn-Mayer (MGM)"], "overview": "The Dwarves, Bilbo and Gandalf have successfully escaped the Misty Mountains, and Bilbo has gained the One Ring. They all continue their journey to get their gold back from the Dragon, Smaug.", "revenue": 958400000, "budget": 250000000}, {"movie_id": 2268, "genres": ["Adventure", "Fantasy"], "homepage": "http://www.goldencompassmovie.com/index_german.html", "original_title": "The Golden Compass", "popularity": 42.990906, "release_date": "2007-12-04", "vote_average": 5.8, "production_companies": ["New Line Cinema", "Ingenious Film Partners", "Depth of Field", "Scholastic Productions"], "overview": "After overhearing a shocking secret, precocious orphan Lyra Belacqua trades her carefree existence roaming the halls of Jordan College for an otherworldly adventure in the far North, unaware that it's part of her destiny.", "revenue": 372234864, "budget": 180000000}, {"movie_id": 271110, "genres": ["Adventure", "Action", "Science Fiction"], "homepage": "http://marvel.com/captainamericapremiere", "original_title": "Captain America: Civil War", "popularity": 198.37239499999998, "release_date": "2016-04-27", "vote_average": 7.1, "production_companies": ["Studio Babelsberg", "Marvel Studios", "Walt Disney Studios Motion Pictures", "Vita-Ray Dutch Productions (III)", "Deluxe Digital Studios"], "overview": "Following the events of Age of Ultron, the collective governments of the world pass an act designed to regulate all superhuman activity. This polarizes opinion amongst the Avengers, causing two factions to side with Iron Man or Captain America, which causes an epic battle between former allies.", "revenue": 1153304495, "budget": 250000000}, {"movie_id": 558, "genres": ["Action", "Adventure", "Fantasy"], "homepage": "http://www.sonypictures.com/movies/spider-man2/", "original_title": "Spider-Man 2", "popularity": 35.149586, "release_date": "2004-06-25", "vote_average": 6.7, "production_companies": ["Columbia Pictures", "Laura Ziskin Productions", "Marvel Enterprises"], "overview": "Peter Parker is going through a major identity crisis. Burned out from being Spider-Man, he decides to shelve his superhero alter ego, which leaves the city suffering in the wake of carnage left by the evil Doc Ock. In the meantime, Parker still can't act on his feelings for Mary Jane Watson, a girl he's loved since childhood.", "revenue": 783766341, "budget": 200000000}, {"movie_id": 68721, "genres": ["Action", "Adventure", "Science Fiction"], "homepage": "http://marvel.com/ironman3", "original_title": "Iron Man 3", "popularity": 77.68208, "release_date": "2013-04-18", "vote_average": 6.8, "production_companies": ["Marvel Studios"], "overview": "When Tony Stark's world is torn apart by a formidable terrorist called the Mandarin, he starts an odyssey of rebuilding and retribution.", "revenue": 1215439994, "budget": 200000000}, {"movie_id": 12155, "genres": ["Family", "Fantasy", "Adventure"], "homepage": "http://disney.go.com/wonderland/", "original_title": "Alice in Wonderland", "popularity": 78.530105, "release_date": "2010-03-03", "vote_average": 6.4, "production_companies": ["Walt Disney Pictures", "Team Todd", "Tim Burton Productions", "Roth Films", "Zanuck Company, The"], "overview": "Alice, an unpretentious and individual 19-year-old, is betrothed to a dunce of an English nobleman. At her engagement party, she escapes the crowd to consider whether to go through with the marriage and falls down a hole in the garden after spotting an unusual rabbit. Arriving in a strange and surreal place called 'Underland,' she finds herself in a world that resembles the nightmares she had as a child, filled with talking animals, villainous queens and knights, and frumious bandersnatches. Alice realizes that she is there for a reason \u2013 to conquer the horrific Jabberwocky and restore the rightful queen to her throne.", "revenue": 1025491110, "budget": 200000000}, {"movie_id": 68728, "genres": ["Fantasy", "Adventure", "Family"], "homepage": "http://www.ozthegreatandpowerfulmovie.com", "original_title": "Oz: The Great and Powerful", "popularity": 46.985445, "release_date": "2013-03-07", "vote_average": 5.7, "production_companies": ["Walt Disney Pictures", "Roth Films"], "overview": "Oscar Diggs, a small-time circus illusionist and con-artist, is whisked from Kansas to the Land of Oz where the inhabitants assume he's the great wizard of prophecy, there to save Oz from the clutches of evil.", "revenue": 491868548, "budget": 200000000}, {"movie_id": 49013, "genres": ["Animation", "Family", "Adventure", "Comedy"], "homepage": "http://www.disney.go.com/cars/", "original_title": "Cars 2", "popularity": 49.98659, "release_date": "2011-06-11", "vote_average": 5.8, "production_companies": ["Walt Disney Pictures", "Pixar Animation Studios"], "overview": "Star race car Lightning McQueen and his pal Mater head overseas to compete in the World Grand Prix race. But the road to the championship becomes rocky as Mater gets caught up in an intriguing adventure of his own: international espionage.", "revenue": 559852396, "budget": 200000000}, {"movie_id": 10193, "genres": ["Animation", "Family", "Comedy"], "homepage": "http://disney.go.com/toystory/", "original_title": "Toy Story 3", "popularity": 59.99541800000001, "release_date": "2010-06-16", "vote_average": 7.6, "production_companies": ["Walt Disney Pictures", "Pixar Animation Studios"], "overview": "Woody, Buzz, and the rest of Andy's toys haven't been played with in years. With Andy about to go to college, the gang find themselves accidentally left at a nefarious day care center. The toys must band together to escape and return home to Andy.", "revenue": 1066969703, "budget": 200000000}, {"movie_id": 127585, "genres": ["Action", "Adventure", "Fantasy", "Science Fiction"], "homepage": "http://www.x-menmovies.com/", "original_title": "X-Men: Days of Future Past", "popularity": 118.07869099999999, "release_date": "2014-05-15", "vote_average": 7.5, "production_companies": ["Twentieth Century Fox Film Corporation", "Donners' Company", "Marvel Entertainment", "Bad Hat Harry Productions", "TSG Entertainment", "Down Productions", "Revolution Sun Studios"], "overview": "The ultimate X-Men ensemble fights a war for the survival of the species across two time periods as they join forces with their younger selves in an epic battle that must change the past \u2013 to save our future.", "revenue": 747862775, "budget": 250000000}, {"movie_id": 10681, "genres": ["Animation", "Family"], "homepage": "http://disney.go.com/disneypictures/wall-e/", "original_title": "WALL\u00b7E", "popularity": 66.390712, "release_date": "2008-06-22", "vote_average": 7.8, "production_companies": ["Walt Disney Pictures", "Pixar Animation Studios", "FortyFour Studios"], "overview": "WALL\u00b7E is the last robot left on an Earth that has been overrun with garbage and all humans have fled to outer space. For 700 years he has continued to try and clean up the mess, but has developed some rather interesting human-like qualities. When a ship arrives with a sleek new type of robot, WALL\u00b7E thinks he's finally found a friend and stows away on the ship when it leaves.", "revenue": 521311860, "budget": 180000000}, {"movie_id": 15512, "genres": ["Animation", "Family", "Adventure", "Science Fiction"], "homepage": "http://www.monstersvsaliens.com/", "original_title": "Monsters vs Aliens", "popularity": 36.167578000000006, "release_date": "2009-03-19", "vote_average": 6.0, "production_companies": ["DreamWorks Animation"], "overview": "When Susan Murphy is unwittingly clobbered by a meteor full of outer space gunk on her wedding day, she mysteriously grows to 49-feet-11-inches. The military jumps into action and captures Susan, secreting her away to a covert government compound. She is renamed Ginormica and placed in confinement with a ragtag group of Monsters...", "revenue": 381509870, "budget": 175000000}, {"movie_id": 1726, "genres": ["Action", "Science Fiction", "Adventure"], "homepage": "http://www.ironmanmovie.com/", "original_title": "Iron Man", "popularity": 120.725053, "release_date": "2008-04-30", "vote_average": 7.4, "production_companies": ["Marvel Studios"], "overview": "After being held captive in an Afghan cave, billionaire engineer Tony Stark creates a unique weaponized suit of armor to fight evil.", "revenue": 585174222, "budget": 140000000}, {"movie_id": 150540, "genres": ["Drama", "Comedy", "Animation", "Family"], "homepage": "http://movies.disney.com/inside-out", "original_title": "Inside Out", "popularity": 128.65596399999998, "release_date": "2015-06-09", "vote_average": 8.0, "production_companies": ["Walt Disney Pictures", "Pixar Animation Studios"], "overview": "Growing up can be a bumpy road, and it's no exception for Riley, who is uprooted from her Midwest life when her father starts a new job in San Francisco. Like all of us, Riley is guided by her emotions - Joy, Fear, Anger, Disgust and Sadness. The emotions live in Headquarters, the control center inside Riley's mind, where they help advise her through everyday life. As Riley and her emotions struggle to adjust to a new life in San Francisco, turmoil ensues in Headquarters. Although Joy, Riley's main and most important emotion, tries to keep things positive, the emotions conflict on how best to navigate a new city, house and school.", "revenue": 857611174, "budget": 175000000}, {"movie_id": 10138, "genres": ["Adventure", "Action", "Science Fiction"], "homepage": "http://www.ironmanmovie.com/", "original_title": "Iron Man 2", "popularity": 77.30019399999999, "release_date": "2010-04-28", "vote_average": 6.6, "production_companies": ["Marvel Studios"], "overview": "With the world now aware of his dual life as the armored superhero Iron Man, billionaire inventor Tony Stark faces pressure from the government, the press and the public to share his technology with the military. Unwilling to let go of his invention, Stark, with Pepper Potts and James 'Rhodey' Rhodes at his side, must forge new alliances \u2013 and confront powerful enemies.", "revenue": 623933331, "budget": 200000000}, {"movie_id": 100402, "genres": ["Action", "Adventure", "Science Fiction"], "homepage": "http://www.captainamericathewintersoldiermovie.com", "original_title": "Captain America: The Winter Soldier", "popularity": 72.22526500000001, "release_date": "2014-03-20", "vote_average": 7.6, "production_companies": ["Marvel Studios"], "overview": "After the cataclysmic events in New York with The Avengers, Steve Rogers, aka Captain America is living quietly in Washington, D.C. and trying to adjust to the modern world. But when a S.H.I.E.L.D. colleague comes under attack, Steve becomes embroiled in a web of intrigue that threatens to put the world at risk. Joining forces with the Black Widow, Captain America struggles to expose the ever-widening conspiracy while fighting off professional assassins sent to silence him at every turn. When the full scope of the villainous plot is revealed, Captain America and the Black Widow enlist the help of a new ally, the Falcon. However, they soon find themselves up against an unexpected and formidable enemy\u2014the Winter Soldier.", "revenue": 714766572, "budget": 170000000}, {"movie_id": 10192, "genres": ["Comedy", "Adventure", "Fantasy", "Animation", "Family"], "homepage": "http://www.shrekforeverafter.com/", "original_title": "Shrek Forever After", "popularity": 44.041185999999996, "release_date": "2010-05-16", "vote_average": 6.0, "production_companies": ["DreamWorks Animation"], "overview": "A bored and domesticated Shrek pacts with deal-maker Rumpelstiltskin to get back to feeling like a real ogre again, but when he's duped and sent to a twisted version of Far Far Away\u2014where Rumpelstiltskin is king, ogres are hunted, and he and Fiona have never met\u2014he sets out to restore his world and reclaim his true love.", "revenue": 752600867, "budget": 165000000}, {"movie_id": 82690, "genres": ["Family", "Animation", "Comedy", "Adventure"], "homepage": "http://disney.go.com/wreck-it-ralph", "original_title": "Wreck-It Ralph", "popularity": 62.341073, "release_date": "2012-11-01", "vote_average": 7.1, "production_companies": ["Walt Disney Animation Studios"], "overview": "Wreck-It Ralph is the 9-foot-tall, 643-pound villain of an arcade video game named Fix-It Felix Jr., in which the game's titular hero fixes buildings that Ralph destroys. Wanting to prove he can be a good guy and not just a villain, Ralph escapes his game and lands in Hero's Duty, a first-person shooter where he helps the game's hero battle against alien invaders. He later enters Sugar Rush, a kart racing game set on tracks made of candies, cookies and other sweets. There, Ralph meets Vanellope von Schweetz who has learned that her game is faced with a dire threat that could affect the entire arcade, and one that Ralph may have inadvertently started.", "revenue": 471222889, "budget": 165000000}, {"movie_id": 49051, "genres": ["Adventure", "Fantasy", "Action"], "homepage": "http://www.thehobbit.com/", "original_title": "The Hobbit: An Unexpected Journey", "popularity": 108.849621, "release_date": "2012-11-26", "vote_average": 7.0, "production_companies": ["WingNut Films", "New Line Cinema", "Warner Bros. Pictures", "Metro-Goldwyn-Mayer (MGM)"], "overview": "Bilbo Baggins, a hobbit enjoying his quiet life, is swept into an epic quest by Gandalf the Grey and thirteen dwarves who seek to reclaim their mountain home from Smaug, the dragon.", "revenue": 1021103568, "budget": 250000000}, {"movie_id": 131634, "genres": ["Action", "Adventure", "Science Fiction"], "homepage": "http://www.thehungergames.movie/", "original_title": "The Hunger Games: Mockingjay - Part 2", "popularity": 127.28442700000001, "release_date": "2015-11-18", "vote_average": 6.6, "production_companies": ["Studio Babelsberg", "Lionsgate", "Color Force"], "overview": "With the nation of Panem in a full scale war, Katniss confronts President Snow in the final showdown. Teamed with a group of her closest friends \u2013 including Gale, Finnick, and Peeta \u2013 Katniss goes off on a mission with the unit from District 13 as they risk their lives to stage an assassination attempt on President Snow who has become increasingly obsessed with destroying her. The mortal traps, enemies, and moral choices that await Katniss will challenge her more than any arena she faced in The Hunger Games.", "revenue": 653428261, "budget": 160000000}, {"movie_id": 241259, "genres": ["Fantasy"], "homepage": "http://movies.disney.com/alice-through-the-looking-glass", "original_title": "Alice Through the Looking Glass", "popularity": 56.268916000000004, "release_date": "2016-05-25", "vote_average": 6.5, "production_companies": ["Walt Disney Pictures", "Team Todd", "Tim Burton Productions", "Roth Films", "Legend3D"], "overview": "In the sequel to Tim Burton's \"Alice in Wonderland\", Alice Kingsleigh returns to Underland and faces a new adventure in saving the Mad Hatter.", "revenue": 299370084, "budget": 170000000}, {"movie_id": 810, "genres": ["Fantasy", "Adventure", "Animation", "Comedy", "Family"], "homepage": "http://www.shrekthethird.com/flash/index.html", "original_title": "Shrek the Third", "popularity": 42.986467, "release_date": "2007-05-17", "vote_average": 6.0, "production_companies": ["DreamWorks SKG", "DreamWorks Animation"], "overview": "The King of Far Far Away has died and Shrek and Fiona are to become King &amp; Queen. However, Shrek wants to return to his cozy swamp and live in peace and quiet, so when he finds out there is another heir to the throne, they set off to bring him back to rule the kingdom.", "revenue": 798958165, "budget": 160000000}, {"movie_id": 675, "genres": ["Adventure", "Fantasy", "Family", "Mystery"], "homepage": "http://www.harrypotterorderofthephoenix.com/", "original_title": "Harry Potter and the Order of the Phoenix", "popularity": 78.14439499999999, "release_date": "2007-06-28", "vote_average": 7.4, "production_companies": ["Warner Bros.", "Heyday Films"], "overview": "Returning for his fifth year of study at Hogwarts, Harry is stunned to find that his warnings about the return of Lord Voldemort have been ignored. Left with no choice, Harry takes matters into his own hands, training a small group of students \u2013 dubbed 'Dumbledore's Army' \u2013 to defend themselves against the dark arts.", "revenue": 938212738, "budget": 150000000}, {"movie_id": 674, "genres": ["Adventure", "Fantasy", "Family"], "homepage": "http://harrypotter.warnerbros.com/", "original_title": "Harry Potter and the Goblet of Fire", "popularity": 101.250416, "release_date": "2005-11-05", "vote_average": 7.5, "production_companies": ["Patalex IV Productions Limited", "Warner Bros.", "Heyday Films"], "overview": "Harry starts his fourth year at Hogwarts, competes in the treacherous Triwizard Tournament and faces the evil Lord Voldemort. Ron and Hermione help Harry manage the pressure \u2013 but Voldemort lurks, awaiting his chance to destroy Harry and all that he stands for.", "revenue": 895921036, "budget": 150000000}, {"movie_id": 118, "genres": ["Adventure", "Comedy", "Family", "Fantasy"], "homepage": "https://www.warnerbros.com/charlie-and-chocolate-factory", "original_title": "Charlie and the Chocolate Factory", "popularity": 53.905592000000006, "release_date": "2005-07-13", "vote_average": 6.7, "production_companies": ["Village Roadshow Pictures", "The Zanuck Company", "Warner Bros.", "Tim Burton Productions", "Plan B Entertainment", "Theobald Film Productions"], "overview": "A young boy wins a tour through the most magnificent chocolate factory in the world, led by the world's most unusual candy maker.", "revenue": 474968763, "budget": 150000000}, {"movie_id": 10527, "genres": ["Family", "Animation"], "homepage": "http://www.madagascar-themovie.com", "original_title": "Madagascar: Escape 2 Africa", "popularity": 44.141021, "release_date": "2008-10-30", "vote_average": 6.2, "production_companies": ["DreamWorks Animation"], "overview": "Alex, Marty, Melman, Gloria, King Julien, Maurice, the penguins and the chimps are back and still marooned on Madagascar. In the face of this obstacle, the New Yorkers have hatched a plan so crazy it just might work. With military precision, the penguins have repaired an old crashed plane... sort of.", "revenue": 603900354, "budget": 150000000}, {"movie_id": 18360, "genres": ["Adventure", "Fantasy", "Action", "Comedy", "Family"], "homepage": "http://www.nightatthemuseummovie.com", "original_title": "Night at the Museum: Battle of the Smithsonian", "popularity": 81.781591, "release_date": "2009-05-20", "vote_average": 5.9, "production_companies": ["Twentieth Century Fox Film Corporation", "1492 Pictures", "Dune Entertainment", "21 Laps Entertainment", "Museum Canada Productions", "Moving Picture Company (MPC)"], "overview": "Hapless museum night watchman Larry Daley must help his living, breathing exhibit friends out of a pickle now that they've been transferred to the archives at the Smithsonian Institution. Larry's (mis)adventures this time include close encounters with Amelia Earhart, Abe Lincoln and Ivan the Terrible.", "revenue": 413106170, "budget": 150000000}, {"movie_id": 62213, "genres": ["Comedy", "Fantasy"], "homepage": "http://darkshadowsmovie.warnerbros.com", "original_title": "Dark Shadows", "popularity": 50.306728, "release_date": "2012-05-08", "vote_average": 5.7, "production_companies": ["Village Roadshow Pictures", "Infinitum Nihil", "GK Films", "Warner Bros.", "Tim Burton Productions", "Dan Curtis Productions", "Zanuck Company, The"], "overview": "Vampire Barnabas Collins is inadvertently freed from his tomb and emerges into the very changed world of 1972. He returns to Collinwood Manor to find that his once-grand estate and family have fallen into ruin.", "revenue": 245527149, "budget": 150000000}, {"movie_id": 177677, "genres": ["Action", "Adventure", "Thriller"], "homepage": "http://www.missionimpossible.com", "original_title": "Mission: Impossible - Rogue Nation", "popularity": 114.52223700000002, "release_date": "2015-07-23", "vote_average": 7.1, "production_companies": ["Paramount Pictures", "Skydance Productions", "China Movie Channel", "Bad Robot", "TC Productions", "Alibaba Pictures Group", "Odin"], "overview": "Ethan and team take on their most impossible mission yet, eradicating the Syndicate - an International rogue organization as highly skilled as they are, committed to destroying the IMF.", "revenue": 682330139, "budget": 150000000}, {"movie_id": 49444, "genres": ["Animation", "Family"], "homepage": "http://www.kungfupanda.com/", "original_title": "Kung Fu Panda 2", "popularity": 51.247321, "release_date": "2011-05-25", "vote_average": 6.7, "production_companies": ["DreamWorks Animation"], "overview": "Po is now living his dream as The Dragon Warrior, protecting the Valley of Peace alongside his friends and fellow kung fu masters, The Furious Five - Tigress, Crane, Mantis, Viper and Monkey. But Po\u2019s new life of awesomeness is threatened by the emergence of a formidable villain, who plans to use a secret, unstoppable weapon to conquer China and destroy kung fu. It is up to Po and The Furious Five to journey across China to face this threat and vanquish it. But how can Po stop a weapon that can stop kung fu? He must look to his past and uncover the secrets of his mysterious origins; only then will he be able to unlock the strength he needs to succeed.", "revenue": 665692281, "budget": 150000000}, {"movie_id": 956, "genres": ["Adventure", "Action", "Thriller"], "homepage": "http://www.missionimpossible.com/", "original_title": "Mission: Impossible III", "popularity": 63.079003, "release_date": "2006-05-03", "vote_average": 6.5, "production_companies": ["Paramount Pictures", "Cruise/Wagner Productions", "Studio Babelsberg", "MI 3 Film", "China Film Co-Production Corporation", "China Film Group Corporation (CFGC)", "The Fourth Production Company Film Group"], "overview": "Retired from active duty to train new IMF agents, Ethan Hunt is called back into action to confront sadistic arms dealer, Owen Davian. Hunt must try to protect his girlfriend while working with his new team to complete the mission.", "revenue": 397850012, "budget": 150000000}, {"movie_id": 50321, "genres": ["Adventure", "Animation", "Family"], "homepage": "http://disney.go.com/disneypictures/marsneedsmoms/#home", "original_title": "Mars Needs Moms", "popularity": 12.362599000000001, "release_date": "2011-03-09", "vote_average": 5.5, "production_companies": ["Walt Disney Animation Studios"], "overview": "When Martians suddenly abduct his mom, mischievous Milo rushes to the rescue and discovers why all moms are so special.", "revenue": 38992758, "budget": 150000000}, {"movie_id": 11619, "genres": ["Adventure", "Animation", "Comedy", "Family"], "homepage": "http://www.dreamworksanimation.com/flushed/", "original_title": "Flushed Away", "popularity": 22.550135, "release_date": "2006-10-22", "vote_average": 6.0, "production_companies": ["Aardman Animations", "DreamWorks Animation"], "overview": "London high-society mouse, Roddy is flushed down the toilet by Sid, a common sewer rat. Hang on for a madcap adventure deep in the sewer bowels of Ratropolis, where Roddy meets the resourceful Rita, the rodent-hating Toad and his faithful thugs, Spike and Whitey.", "revenue": 64459316, "budget": 149000000}, {"movie_id": 140300, "genres": ["Action", "Adventure", "Animation", "Comedy", "Family"], "homepage": "http://www.kungfupanda.com/", "original_title": "Kung Fu Panda 3", "popularity": 56.747978, "release_date": "2016-01-23", "vote_average": 6.7, "production_companies": ["Twentieth Century Fox Film Corporation", "DreamWorks Animation", "China Film Co.", "Oriental DreamWorks"], "overview": "Continuing his \"legendary adventures of awesomeness\", Po must face two hugely epic, but different threats: one supernatural and the other a little closer to his home.", "revenue": 521170825, "budget": 145000000}, {"movie_id": 56292, "genres": ["Action", "Thriller", "Adventure"], "homepage": "http://www.missionimpossible.com/", "original_title": "Mission: Impossible - Ghost Protocol", "popularity": 77.77476999999999, "release_date": "2011-12-07", "vote_average": 6.8, "production_companies": ["Paramount Pictures", "Skydance Productions", "Bad Robot", "TC Productions", "Revolution Sun Studios", "Kontsept Film Company"], "overview": "In the 4th installment of the Mission Impossible series, Ethan Hunt (Cruise) and his team are racing against time to track down a dangerous terrorist named Hendricks (Nyqvist), who has gained access to Russian nuclear launch codes and is planning a strike on the United States. An attempt to stop him ends in an explosion causing severe destruction to the Kremlin and the IMF to be implicated in the bombing, forcing the President to disavow them. No longer being aided by the government, Ethan and his team chase Hendricks around the globe, although they might still be too late to stop a disaster.", "revenue": 694713380, "budget": 145000000}, {"movie_id": 557, "genres": ["Fantasy", "Action"], "homepage": "http://www.sonypictures.com/movies/spider-man/", "original_title": "Spider-Man", "popularity": 82.502566, "release_date": "2002-05-01", "vote_average": 6.8, "production_companies": ["Columbia Pictures", "Marvel Enterprises"], "overview": "After being bitten by a genetically altered spider, nerdy high school student Peter Parker is endowed with amazing powers.", "revenue": 821708551, "budget": 139000000}, {"movie_id": 1771, "genres": ["Action", "Adventure", "Science Fiction"], "homepage": "http://captainamerica.marvel.com/", "original_title": "Captain America: The First Avenger", "popularity": 74.50624599999999, "release_date": "2011-07-22", "vote_average": 6.6, "production_companies": ["Marvel Studios"], "overview": "Predominantly set during World War II, Steve Rogers is a sickly man from Brooklyn who's transformed into super-soldier Captain America to aid in the war effort. Rogers must stop the Red Skull \u2013 Adolf Hitler's ruthless head of weaponry, and the leader of an organization that intends to use a mysterious device of untold powers for world domination.", "revenue": 370569774, "budget": 140000000}, {"movie_id": 65759, "genres": ["Animation", "Comedy", "Family"], "homepage": "http://happyfeettwo.warnerbros.com/index.html", "original_title": "Happy Feet Two", "popularity": 17.7735, "release_date": "2011-11-17", "vote_average": 5.8, "production_companies": ["Village Roadshow Pictures", "Warner Bros.", "Dr D Studios", "Kennedy Miller Mitchell"], "overview": "Mumble the penguin has a problem: his son Erik, who is reluctant to dance, encounters The Mighty Sven, a penguin who can fly! Things get worse for Mumble when the world is shaken by powerful forces, causing him to brings together the penguin nations and their allies to set things right.", "revenue": 150406466, "budget": 130000000}, {"movie_id": 9502, "genres": ["Adventure", "Animation", "Family", "Comedy"], "homepage": "http://www.kungfupanda.com/", "original_title": "Kung Fu Panda", "popularity": 84.68964799999999, "release_date": "2008-06-04", "vote_average": 6.9, "production_companies": ["DreamWorks Animation"], "overview": "When the Valley of Peace is threatened, lazy Po the panda discovers his destiny as the \"chosen one\" and trains to become a kung fu hero, but transforming the unsleek slacker into a brave warrior won't be easy. It's up to Master Shifu and the Furious Five -- Tigress, Crane, Mantis, Viper and Monkey -- to give it a try.", "revenue": 631744560, "budget": 130000000}, {"movie_id": 101299, "genres": ["Adventure", "Action", "Science Fiction"], "homepage": "http://www.thehungergames.movie/", "original_title": "The Hunger Games: Catching Fire", "popularity": 76.310119, "release_date": "2013-11-15", "vote_average": 7.4, "production_companies": ["Lionsgate", "Color Force"], "overview": "Katniss Everdeen has returned home safe after winning the 74th Annual Hunger Games along with fellow tribute Peeta Mellark. Winning means that they must turn around and leave their family and close friends, embarking on a \"Victor's Tour\" of the districts. Along the way Katniss senses that a rebellion is simmering, but the Capitol is still very much in control as President Snow prepares the 75th Annual Hunger Games (The Quarter Quell) - a competition that could change Panem forever.", "revenue": 847423452, "budget": 130000000}, {"movie_id": 86834, "genres": ["Drama", "Adventure"], "homepage": "http://www.noahmovie.com", "original_title": "Noah", "popularity": 46.115758, "release_date": "2014-03-20", "vote_average": 5.6, "production_companies": ["Paramount Pictures", "Regency Enterprises", "Protozoa Pictures", "Disruption Entertainment"], "overview": "A man who suffers visions of an apocalyptic deluge takes measures to protect his family from the coming flood.", "revenue": 362637473, "budget": 125000000}, {"movie_id": 38055, "genres": ["Animation", "Action", "Comedy", "Family", "Science Fiction"], "homepage": "http://www.megamind.com", "original_title": "Megamind", "popularity": 68.757242, "release_date": "2010-10-28", "vote_average": 6.7, "production_companies": ["DreamWorks Animation"], "overview": "Bumbling supervillain Megamind finally defeats his nemesis, the superhero Metro Man. But without a hero, he loses all purpose and must find new meaning to his life.", "revenue": 321887208, "budget": 130000000}, {"movie_id": 671, "genres": ["Adventure", "Fantasy", "Family"], "homepage": "http://harrypotter.warnerbros.com/harrypotterandthedeathlyhallows/mainsite/index.html", "original_title": "Harry Potter and the Philosopher's Stone", "popularity": 109.984351, "release_date": "2001-11-16", "vote_average": 7.5, "production_companies": ["1492 Pictures", "Warner Bros.", "Heyday Films"], "overview": "Harry Potter has lived under the stairs at his aunt and uncle's house his whole life. But on his 11th birthday, he learns he's a powerful wizard -- with a place waiting for him at the Hogwarts School of Witchcraft and Wizardry. As he learns to harness his newfound powers with the help of the school's kindly headmaster, Harry uncovers the truth about his parents' deaths -- and about the villain who's to blame.", "revenue": 976475550, "budget": 125000000}, {"movie_id": 131631, "genres": ["Science Fiction", "Adventure", "Thriller"], "homepage": "http://www.thehungergames.movie/", "original_title": "The Hunger Games: Mockingjay - Part 1", "popularity": 206.227151, "release_date": "2014-11-18", "vote_average": 6.6, "production_companies": ["Lionsgate", "Color Force"], "overview": "Katniss Everdeen reluctantly becomes the symbol of a mass rebellion against the autocratic Capitol.", "revenue": 752100229, "budget": 125000000}, {"movie_id": 955, "genres": ["Adventure", "Action", "Thriller"], "homepage": "http://www.missionimpossible.com/", "original_title": "Mission: Impossible II", "popularity": 54.931334, "release_date": "2000-05-24", "vote_average": 5.9, "production_companies": ["Paramount Pictures", "Cruise/Wagner Productions", "Munich Film Partners & Company (MFP) MI2 Productions"], "overview": "With computer genius Luther Stickell at his side and a beautiful thief on his mind, agent Ethan Hunt races across Australia and Spain to stop a former IMF agent from unleashing a genetically engineered biological weapon called Chimera. This mission, should Hunt choose to accept it, plunges him into the center of an international crisis of terrifying magnitude.", "revenue": 546388105, "budget": 125000000}, {"movie_id": 1895, "genres": ["Science Fiction", "Adventure", "Action"], "homepage": "http://www.starwars.com/films/star-wars-episode-iii-revenge-of-the-sith", "original_title": "Star Wars: Episode III - Revenge of the Sith", "popularity": 44.108427, "release_date": "2005-05-17", "vote_average": 7.1, "production_companies": ["Lucasfilm"], "overview": "Years after the onset of the Clone Wars, the noble Jedi Knights lead a massive clone army into a galaxy-wide battle against the Separatists. When the sinister Sith unveil a thousand-year-old plot to rule the galaxy, the Republic crumbles and from its ashes rises the evil Galactic Empire. Jedi hero Anakin Skywalker is seduced by the dark side of the Force to become the Emperor's new apprentice \u2013 Darth Vader. The Jedi are decimated, as Obi-Wan Kenobi and Jedi Master Yoda are forced into hiding. The only hope for the galaxy are Anakin's own offspring \u2013 the twin children born in secrecy who will grow up to become heroes.", "revenue": 850000000, "budget": 113000000}, {"movie_id": 1894, "genres": ["Adventure", "Action", "Science Fiction"], "homepage": "http://www.starwars.com/films/star-wars-episode-ii-attack-of-the-clones", "original_title": "Star Wars: Episode II - Attack of the Clones", "popularity": 43.987061, "release_date": "2002-05-15", "vote_average": 6.4, "production_companies": ["Lucasfilm"], "overview": "Ten years after the invasion of Naboo, the galaxy is on the brink of civil war. Under the leadership of a renegade Jedi named Count Dooku, thousands of solar systems threaten to break away from the Galactic Republic. When an assassination attempt is made on Senator Padm\u00e9 Amidala, the former Queen of Naboo, twenty-year-old Jedi apprentice Anakin Skywalker is assigned to protect her. In the course of his mission, Anakin discovers his love for Padm\u00e9 as well as his own darker side. Soon, Anakin, Padm\u00e9, and Obi-Wan Kenobi are drawn into the heart of the Separatist movement and the beginning of the Clone Wars.", "revenue": 649398328, "budget": 120000000}, {"movie_id": 585, "genres": ["Animation", "Comedy", "Family"], "homepage": "http://movies.disney.com/monsters-inc", "original_title": "Monsters, Inc.", "popularity": 106.815545, "release_date": "2001-11-01", "vote_average": 7.5, "production_companies": ["Walt Disney Pictures", "Pixar Animation Studios"], "overview": "James Sullivan and Mike Wazowski are monsters, they earn their living scaring children and are the best in the business... even though they're more afraid of the children than they are of them. When a child accidentally enters their world, James and Mike suddenly find that kids are not to be afraid of and they uncover a conspiracy that could threaten all children across the world.", "revenue": 562816256, "budget": 115000000}, {"movie_id": 76170, "genres": ["Action", "Science Fiction", "Adventure", "Fantasy"], "homepage": "http://www.thewolverinemovie.com", "original_title": "The Wolverine", "popularity": 15.953444000000001, "release_date": "2013-07-23", "vote_average": 6.3, "production_companies": ["Twentieth Century Fox Film Corporation", "Donners' Company", "Marvel Entertainment", "Bad Hat Harry Productions", "Big Screen Productions", "TSG Entertainment"], "overview": "Wolverine faces his ultimate nemesis - and tests of his physical, emotional, and mortal limits - in a life-changing voyage to modern-day Japan.", "revenue": 415440673, "budget": 120000000}, {"movie_id": 1893, "genres": ["Adventure", "Action", "Science Fiction"], "homepage": "http://www.starwars.com/films/star-wars-episode-i-the-phantom-menace", "original_title": "Star Wars: Episode I - The Phantom Menace", "popularity": 54.035265, "release_date": "1999-05-19", "vote_average": 6.3, "production_companies": ["Lucasfilm"], "overview": "Anakin Skywalker, a young slave strong with the Force, is discovered on Tatooine. Meanwhile, the evil Sith have returned, enacting their plot for revenge against the Jedi.", "revenue": 924317558, "budget": 115000000}, {"movie_id": 163, "genres": ["Thriller", "Crime"], "homepage": "http://oceans12.warnerbros.com/", "original_title": "Ocean's Twelve", "popularity": 76.840712, "release_date": "2004-12-09", "vote_average": 6.4, "production_companies": ["Village Roadshow Pictures", "Section Eight", "Jerry Weintraub Productions", "Warner Bros.", "WV Films III"], "overview": "Danny Ocean reunites with his old flame and the rest of his merry band of thieves in carrying out three huge heists in Rome, Paris and Amsterdam \u2013 but a Europol agent is hot on their heels.", "revenue": 362744280, "budget": 110000000}, {"movie_id": 120, "genres": ["Adventure", "Fantasy", "Action"], "homepage": "http://www.lordoftherings.net/", "original_title": "The Lord of the Rings: The Fellowship of the Ring", "popularity": 138.049577, "release_date": "2001-12-18", "vote_average": 8.0, "production_companies": ["WingNut Films", "New Line Cinema", "The Saul Zaentz Company"], "overview": "Young hobbit Frodo Baggins, after inheriting a mysterious ring from his uncle Bilbo, must leave his home in order to keep it from falling into the hands of its evil creator. Along the way, a fellowship is formed to protect the ringbearer and make sure that the ring arrives at its final destination: Mt. Doom, the only place where it can be destroyed.", "revenue": 871368364, "budget": 93000000}, {"movie_id": 39451, "genres": ["Comedy", "Romance"], "homepage": "http://www.littlefockers.net/", "original_title": "Little Fockers", "popularity": 32.389353, "release_date": "2010-12-21", "vote_average": 5.4, "production_companies": ["Paramount Pictures", "Universal Pictures", "Everyman Pictures", "Relativity Media", "Dreamworks Pictures", "Tribeca Productions"], "overview": "It has taken 10 years, two little Fockers with wife Pam and countless hurdles for Greg to finally get in with his tightly wound father-in-law, Jack. After the cash-strapped dad takes a job moonlighting for a drug company, Jack's suspicions about his favorite male nurse come roaring back. When Greg and Pam's entire clan descends for the twins' birthday party, Greg must prove to the skeptical Jack that he's fully capable as the man of the house.", "revenue": 310650585, "budget": 100000000}, {"movie_id": 122, "genres": ["Adventure", "Fantasy", "Action"], "homepage": "http://www.lordoftherings.net", "original_title": "The Lord of the Rings: The Return of the King", "popularity": 123.63033200000001, "release_date": "2003-12-01", "vote_average": 8.1, "production_companies": ["WingNut Films", "New Line Cinema"], "overview": "Aragorn is revealed as the heir to the ancient kings as he, Gandalf and the other members of the broken fellowship struggle to save Gondor from Sauron's forces. Meanwhile, Frodo and Sam bring the ring closer to the heart of Mordor, the dark lord's realm.", "revenue": 1118888979, "budget": 94000000}, {"movie_id": 121, "genres": ["Adventure", "Fantasy", "Action"], "homepage": "http://www.lordoftherings.net/", "original_title": "The Lord of the Rings: The Two Towers", "popularity": 106.914973, "release_date": "2002-12-18", "vote_average": 8.0, "production_companies": ["WingNut Films", "New Line Cinema", "The Saul Zaentz Company"], "overview": "Frodo and Sam are trekking to Mordor to destroy the One Ring of Power while Gimli, Legolas and Aragorn search for the orc-captured Merry and Pippin. All along, nefarious wizard Saruman awaits the Fellowship members at the Orthanc Tower in Isengard.", "revenue": 926287400, "budget": 79000000}, {"movie_id": 9806, "genres": ["Action", "Adventure", "Animation", "Family"], "homepage": "http://disney.go.com/disneyvideos/animatedfilms/incredibles/main.html", "original_title": "The Incredibles", "popularity": 77.817571, "release_date": "2004-11-05", "vote_average": 7.4, "production_companies": ["Walt Disney Pictures", "Pixar Animation Studios"], "overview": "Bob Parr has given up his superhero days to log in time as an insurance adjuster and raise his three children with his formerly heroic wife in suburbia. But when he receives a mysterious assignment, it's time to get back into costume.", "revenue": 631442092, "budget": 92000000}, {"movie_id": 863, "genres": ["Animation", "Comedy", "Family"], "homepage": "http://toystory.disney.com/toy-story-2", "original_title": "Toy Story 2", "popularity": 73.575118, "release_date": "1999-10-30", "vote_average": 7.3, "production_companies": ["Pixar Animation Studios"], "overview": "Andy heads off to Cowboy Camp, leaving his toys to their own devices. Things shift into high gear when an obsessive toy collector named Al McWhiggen, owner of Al's Toy Barn kidnaps Woody. Andy's toys mount a daring rescue mission, Buzz Lightyear meets his match and Woody has to decide where he and his heart truly belong.", "revenue": 497366869, "budget": 90000000}, {"movie_id": 22794, "genres": ["Animation", "Comedy", "Family"], "homepage": "http://www.cloudywithachanceofmeatballs.com/", "original_title": "Cloudy with a Chance of Meatballs", "popularity": 46.781182, "release_date": "2009-09-17", "vote_average": 6.5, "production_companies": ["Columbia Pictures", "Sony Pictures Animation"], "overview": "Inventor Flint Lockwood creates a machine that makes clouds rain food, enabling the down-and-out citizens of Chewandswallow to feed themselves. But when the falling food reaches gargantuan proportions, Flint must scramble to avert disaster. Can he regain control of the machine and put an end to the wild weather before the town is destroyed?", "revenue": 242988466, "budget": 100000000}, {"movie_id": 8355, "genres": ["Animation", "Comedy", "Family", "Adventure"], "homepage": "http://www.iceagemovies.com/films/ice-age-dawn-of-the-dinosaurs", "original_title": "Ice Age: Dawn of the Dinosaurs", "popularity": 69.457898, "release_date": "2009-06-29", "vote_average": 6.5, "production_companies": ["Blue Sky Studios", "Twentieth Century Fox Animation"], "overview": "Times are changing for Manny the moody mammoth, Sid the motor mouthed sloth and Diego the crafty saber-toothed tiger. Life heats up for our heroes when they meet some new and none-too-friendly neighbors \u2013 the mighty dinosaurs.", "revenue": 886686817, "budget": 90000000}, {"movie_id": 10661, "genres": ["Comedy", "Action"], "homepage": "http://www.youdontmesswiththezohan.com/", "original_title": "You Don't Mess with the Zohan", "popularity": 40.597344, "release_date": "2008-06-05", "vote_average": 5.5, "production_companies": ["Columbia Pictures", "Happy Madison Productions", "Sony Pictures Releasing", "Relativity Media"], "overview": "An Israeli counterterrorism soldier with a secretly fabulous ambition to become a Manhattan hairstylist. Zohan's desire runs so deep that he'll do anything -- including faking his own death and going head-to-head with an Arab cab driver -- to make his dreams come true.", "revenue": 201596308, "budget": 90000000}, {"movie_id": 257344, "genres": ["Action", "Comedy", "Science Fiction"], "homepage": "http://www.pixels-movie.com/", "original_title": "Pixels", "popularity": 140.849495, "release_date": "2015-07-16", "vote_average": 5.6, "production_companies": ["Columbia Pictures", "Happy Madison Productions"], "overview": "Video game experts are recruited by the military to fight 1980s-era video game characters who've attacked New York.", "revenue": 243637091, "budget": 88000000}, {"movie_id": 9836, "genres": ["Animation", "Comedy"], "homepage": "http://www.warnerbros.com/happy-feet", "original_title": "Happy Feet", "popularity": 37.272385, "release_date": "2006-11-16", "vote_average": 5.9, "production_companies": ["Kennedy Miller Productions", "Animal Logic"], "overview": "Into the world of the Emperor Penguins, who find their soul mates through song, a penguin is born who cannot sing. But he can tap dance something fierce!", "revenue": 384335608, "budget": 100000000}, {"movie_id": 161, "genres": ["Thriller", "Crime"], "homepage": "http://www.warnerbros.co.uk/movies/oceans-eleven", "original_title": "Ocean's Eleven", "popularity": 60.929352, "release_date": "2001-12-07", "vote_average": 7.2, "production_companies": ["Village Roadshow Pictures", "Section Eight", "NPV Entertainment", "Jerry Weintraub Productions", "Warner Bros.", "WV Films II"], "overview": "Less than 24 hours into his parole, charismatic thief Danny Ocean is already rolling out his next plan: In one night, Danny's hand-picked crew of specialists will attempt to steal more than $150 million from three Las Vegas casinos. But to score the cash, Danny risks his chances of reconciling with ex-wife, Tess.", "revenue": 450717150, "budget": 85000000}, {"movie_id": 76492, "genres": ["Animation", "Comedy", "Family", "Fantasy"], "homepage": "http://www.welcometohotelt.com", "original_title": "Hotel Transylvania", "popularity": 56.257411, "release_date": "2012-09-20", "vote_average": 6.8, "production_companies": ["Columbia Pictures", "Sony Pictures Animation"], "overview": "Dracula, who operates a high-end resort away from the human world, goes into overprotective mode when a boy discovers the resort and falls for the count's teen-aged daughter.", "revenue": 358375603, "budget": 85000000}, {"movie_id": 298, "genres": ["Crime", "Thriller"], "homepage": "http://oceans13.warnerbros.com/", "original_title": "Ocean's Thirteen", "popularity": 42.069993, "release_date": "2007-06-07", "vote_average": 6.5, "production_companies": ["Village Roadshow Pictures", "Section Eight", "Jerry Weintraub Productions", "Warner Bros."], "overview": "Danny Ocean's team of criminals are back and composing a plan more personal than ever. When ruthless casino owner Willy Bank doublecrosses Reuben Tishkoff, causing a heart attack, Danny Ocean vows that he and his team will do anything to bring down Willy Bank along with everything he's got. Even if it means asking for help from an enemy.", "revenue": 311312624, "budget": 85000000}, {"movie_id": 954, "genres": ["Adventure", "Action", "Thriller"], "homepage": "http://www.missionimpossible.com/", "original_title": "Mission: Impossible", "popularity": 75.290998, "release_date": "1996-05-22", "vote_average": 6.7, "production_companies": ["Paramount Pictures", "Cruise/Wagner Productions"], "overview": "When Ethan Hunt, the leader of a crack espionage team whose perilous operation has gone awry with no explanation, discovers that a mole has penetrated the CIA, he's surprised to learn that he's the No. 1 suspect. To clear his name, Hunt now must ferret out the real double agent and, in the process, even the score.", "revenue": 457696359, "budget": 80000000}, {"movie_id": 70160, "genres": ["Science Fiction", "Adventure", "Fantasy"], "homepage": "http://www.thehungergames.movie/", "original_title": "The Hunger Games", "popularity": 68.550698, "release_date": "2012-03-12", "vote_average": 6.9, "production_companies": ["Lionsgate", "Color Force"], "overview": "Every year in the ruins of what was once North America, the nation of Panem forces each of its twelve districts to send a teenage boy and girl to compete in the Hunger Games.  Part twisted entertainment, part government intimidation tactic, the Hunger Games are a nationally televised event in which \u201cTributes\u201d must fight with one another until one survivor remains.  Pitted against highly-trained Tributes who have prepared for these Games their entire lives, Katniss is forced to rely upon her sharp instincts as well as the mentorship of drunken former victor Haymitch Abernathy.  If she\u2019s ever to return home to District 12, Katniss must make impossible choices in the arena that weigh survival against humanity and life against love. The world will be watching.", "revenue": 691210692, "budget": 75000000}, {"movie_id": 109418, "genres": ["Comedy"], "homepage": "http://www.sonypictures.com/movies/grownups2", "original_title": "Grown Ups 2", "popularity": 45.589568, "release_date": "2013-07-11", "vote_average": 5.8, "production_companies": ["Columbia Pictures", "Happy Madison Productions", "Sony Pictures Entertainment (SPE)"], "overview": "The all-star comedy cast from Grown Ups returns (with some exciting new additions) for more summertime laughs. Lenny (Adam Sandler) has relocated his family back to the small town where he and his friends grew up. This time around, the grown ups are the ones learning lessons from their kids on a day notoriously full of surprises: the last day of school.", "revenue": 246984278, "budget": 80000000}, {"movie_id": 11324, "genres": ["Drama", "Thriller", "Mystery"], "homepage": "http://www.shutterisland.com/", "original_title": "Shutter Island", "popularity": 81.91469599999999, "release_date": "2010-02-18", "vote_average": 7.8, "production_companies": ["Paramount Pictures", "Appian Way", "Phoenix Pictures", "Sikelia Productions"], "overview": "World War II soldier-turned-U.S. Marshal Teddy Daniels investigates the disappearance of a patient from a hospital for the criminally insane, but his efforts are compromised by his troubling visions and also by a mysterious doctor.", "revenue": 294804195, "budget": 80000000}, {"movie_id": 50546, "genres": ["Romance", "Comedy"], "homepage": "http://www.justgowithit-movie.com", "original_title": "Just Go with It", "popularity": 37.02665, "release_date": "2011-02-10", "vote_average": 6.3, "production_companies": ["Columbia Pictures", "Happy Madison Productions"], "overview": "A plastic surgeon, romancing a much younger schoolteacher, enlists his loyal assistant to pretend to be his soon to be ex-wife, in order to cover up a careless lie. When more lies backfire, the assistant's kids become involved, and everyone heads off for a weekend in Hawaii that will change all their lives.", "revenue": 214918407, "budget": 80000000}, {"movie_id": 38317, "genres": ["Comedy", "Romance", "Family"], "homepage": "http://www.zookeeper-movie.com/", "original_title": "Zookeeper", "popularity": 27.462640000000004, "release_date": "2011-07-06", "vote_average": 5.3, "production_companies": ["Columbia Pictures", "Happy Madison Productions", "Sony Pictures Releasing", "Broken Road Productions", "Metro-Goldwyn-Mayer (MGM)", "Zookeeper Productions", "Hey Eddie"], "overview": "A comedy about a zookeeper who might be great with animals, but he doesn't know anything about the birds and the bees. The man can't find love, so he decides to quit his job at the zoo, but his animal friends try to stop him and teach him that Mother Nature knows best when it comes to love.", "revenue": 169852759, "budget": 80000000}, {"movie_id": 71880, "genres": ["Comedy"], "homepage": "http://www.jackandjill-movie.com/", "original_title": "Jack and Jill", "popularity": 22.132417999999998, "release_date": "2011-11-11", "vote_average": 4.1, "production_companies": ["Columbia Pictures", "Happy Madison Productions", "Broken Road Productions"], "overview": "Jack Sadelstein, a successful advertising executive in Los Angeles with a beautiful wife and kids, dreads one event each year: the Thanksgiving visit of his twin sister Jill. Jill's neediness and passive-aggressiveness is maddening to Jack, turning his normally tranquil life upside down.", "revenue": 149673788, "budget": 79000000}, {"movie_id": 328111, "genres": ["Animation", "Family"], "homepage": "http://www.thesecretlifeofpets.com/", "original_title": "The Secret Life of Pets", "popularity": 31.482871999999997, "release_date": "2016-06-18", "vote_average": 5.9, "production_companies": ["Universal Pictures", "Fuji Television Network", "Dentsu", "Illumination Entertainment"], "overview": "The quiet life of a terrier named Max is upended when his owner takes in Duke, a stray whom Max instantly dislikes.", "revenue": 875958308, "budget": 75000000}, {"movie_id": 93456, "genres": ["Animation", "Comedy", "Family"], "homepage": "http://www.despicableme.com/", "original_title": "Despicable Me 2", "popularity": 136.886704, "release_date": "2013-06-25", "vote_average": 7.0, "production_companies": ["Universal Pictures", "Illumination Entertainment"], "overview": "Gru is recruited by the Anti-Villain League to help deal with a powerful new super criminal.", "revenue": 970761885, "budget": 76000000}, {"movie_id": 2976, "genres": ["Family", "Comedy", "Music", "Romance"], "homepage": "http://www.hairspraymovie.com/", "original_title": "Hairspray", "popularity": 31.160542, "release_date": "2007-07-13", "vote_average": 6.5, "production_companies": ["New Line Cinema", "Ingenious Film Partners", "Offspring Entertainment", "Zadan / Meron Productions"], "overview": "Pleasantly plump teenager, Tracy Turnblad and her best friend, Penny Pingleton audition to be on The Corny Collins Show \u2013 and Tracy wins. But when scheming Amber Von Tussle and her mother plot to destroy Tracy, it turns to chaos.", "revenue": 90450008, "budget": 50000000}, {"movie_id": 38365, "genres": ["Comedy"], "homepage": "http://www.grownups-movie.com/", "original_title": "Grown Ups", "popularity": 38.864027, "release_date": "2010-06-24", "vote_average": 6.0, "production_companies": ["Columbia Pictures", "Happy Madison Productions", "Relativity Media"], "overview": "After their high school basketball coach passes away, five good friends and former teammates reunite for a Fourth of July holiday weekend.", "revenue": 271430189, "budget": 80000000}, {"movie_id": 20829, "genres": ["Comedy", "Drama"], "homepage": "http://www.funnypeoplemovie.com", "original_title": "Funny People", "popularity": 20.199057, "release_date": "2009-07-31", "vote_average": 5.7, "production_companies": ["Columbia Pictures", "Universal Pictures", "Happy Madison Productions", "Relativity Media", "Apatow Productions", "Madison 23"], "overview": "Famous and wealthy funnyman George Simmons doesn't give much thought to how he treats people until a doctor delivers stunning health news, forcing George to reevaluate his priorities with a little help from aspiring stand-up comic Ira.", "revenue": 61458982, "budget": 75000000}, {"movie_id": 809, "genres": ["Adventure", "Animation", "Comedy", "Family", "Fantasy"], "homepage": "http://www.shrek2.com/", "original_title": "Shrek 2", "popularity": 47.320801, "release_date": "2004-05-19", "vote_average": 6.7, "production_companies": ["DreamWorks SKG", "Pacific Data Images (PDI)", "DreamWorks Animation"], "overview": "Shrek, Fiona and Donkey set off to Far, Far Away to meet Fiona's mother and father. But not everyone is happy. Shrek and the King find it hard to get along, and there's tension in the marriage. The fairy godmother discovers that Shrek has married Fiona instead of her Son Prince Charming and sets about destroying their marriage.", "revenue": 919838758, "budget": 150000000}, {"movie_id": 920, "genres": ["Animation", "Adventure", "Comedy", "Family"], "homepage": "http://disney.go.com/disneyvideos/animatedfilms/cars/", "original_title": "Cars", "popularity": 82.643036, "release_date": "2006-06-08", "vote_average": 6.6, "production_companies": ["Walt Disney Pictures", "Pixar Animation Studios"], "overview": "Lightning McQueen, a hotshot rookie race car driven to succeed, discovers that life is about the journey, not the finish line, when he finds himself unexpectedly detoured in the sleepy Route 66 town of Radiator Springs. On route across the country to the big Piston Cup Championship in California to compete against two seasoned pros, McQueen gets to know the town's offbeat characters.", "revenue": 461983149, "budget": 120000000}, {"movie_id": 818, "genres": ["Comedy", "Crime", "Science Fiction"], "homepage": "http://www.austinpowers.com/", "original_title": "Austin Powers in Goldmember", "popularity": 40.137264, "release_date": "2002-07-26", "vote_average": 5.9, "production_companies": ["New Line Cinema", "Eric's Boy", "Team Todd", "Moving Pictures", "Gratitude International"], "overview": "The world's most shagadelic spy continues his fight against Dr. Evil. This time, the diabolical doctor and his clone, Mini-Me, team up with a new foe -- '70s kingpin Goldmember. While pursuing the team of villains to stop them from world domination, Austin gets help from his dad and an old girlfriend.", "revenue": 296655431, "budget": 63000000}, {"movie_id": 693, "genres": ["Comedy", "Romance"], "homepage": "http://www.meetthefockers.com/index.php", "original_title": "Meet the Fockers", "popularity": 32.829538, "release_date": "2004-12-22", "vote_average": 6.1, "production_companies": ["DreamWorks SKG", "Universal Pictures", "Everyman Pictures", "Tribeca Productions"], "overview": "Hard-to-crack ex-CIA man, Jack Byrnes and his wife, Dina head for the warmer climes of Florida to meet son-in-law-to-be, Greg Focker's parents. Unlike their happily matched offspring, the future in-laws find themselves in a situation of opposites that definitely do not attract.", "revenue": 516642939, "budget": 80000000}, {"movie_id": 10199, "genres": ["Adventure", "Animation", "Family"], "homepage": "https://www.uphe.com/movies/the-tale-of-despereaux", "original_title": "The Tale of Despereaux", "popularity": 16.493576, "release_date": "2008-12-19", "vote_average": 5.8, "production_companies": ["Larger Than Life Productions"], "overview": "Once upon a time... in the far away kingdom of Dor... lived a brave and virtuous mouse with comically oversized ears who dreamt of becoming a knight. Banished from his home for having such lofty ambitions, Despereaux sets off on an amazing adventure with his good-hearted rat friend Roscuro, who leads him, at long last, on a very noble quest to rescue an endangered princess and save an entire kingdom from darkness.", "revenue": 50877145, "budget": 60000000}, {"movie_id": 137321, "genres": ["Drama", "Fantasy", "Mystery", "Romance"], "homepage": "http://www.winterstalemovie.com/", "original_title": "Winter's Tale", "popularity": 22.736038, "release_date": "2014-02-13", "vote_average": 6.0, "production_companies": ["Village Roadshow Pictures", "Weed Road Pictures", "Warner Bros."], "overview": "A burglar falls for an heiress as she dies in his arms. When he learns that he has the gift of reincarnation, he sets out to save her.", "revenue": 30800231, "budget": 60000000}, {"movie_id": 210860, "genres": ["Comedy", "Adventure"], "homepage": "http://mortdecaithemovie.com/", "original_title": "Mortdecai", "popularity": 52.417528999999995, "release_date": "2015-01-21", "vote_average": 5.4, "production_companies": ["Lionsgate", "Mad Chance", "OddLot Entertainment", "Huayi Brothers Media"], "overview": "Art dealer, Charles Mortdecai, searches for a stolen painting rumored to contain a secret code that gains access to hidden Nazi gold.", "revenue": 30418560, "budget": 60000000}, {"movie_id": 116741, "genres": ["Comedy"], "homepage": "http://www.theinternshipmovie.com/", "original_title": "The Internship", "popularity": 1.551497, "release_date": "2013-06-07", "vote_average": 6.1, "production_companies": ["Twentieth Century Fox Film Corporation", "Regency Enterprises", "21 Laps Entertainment", "Wild West Picture Show Productions", "TSG Entertainment"], "overview": "Two recently laid-off men in their 40s try to make it as interns at a successful Internet company where their managers are in their 20s.", "revenue": 44000000, "budget": 58000000}, {"movie_id": 87428, "genres": ["Comedy"], "homepage": "http://www.sonypictures.com/movies/thatsmyboy/", "original_title": "That's My Boy", "popularity": 21.723897, "release_date": "2012-06-14", "vote_average": 5.5, "production_companies": ["Columbia Pictures", "Happy Madison Productions", "Relativity Media"], "overview": "While in his teens, Donny fathered a son, Todd, and raised him as a single parent up until Todd's 18th birthday. Now, after not seeing each other for years, Todd's world comes crashing down when Donny resurfaces just before Todd's wedding.", "revenue": 58058367, "budget": 70000000}, {"movie_id": 13260, "genres": ["Comedy"], "homepage": "http://newline.com/properties/semipro.html", "original_title": "Semi-Pro", "popularity": 10.449975, "release_date": "2008-02-28", "vote_average": 5.4, "production_companies": ["New Line Cinema", "Donners' Company", "Mosaic Media Group", "Road Rebel"], "overview": "Jackie Moon is the owner, promoter, coach, and star player of the Flint Michigan Tropics of the American Basketball Association (ABA). In 1976 before the ABA collapses, the National Basketball Association (NBA) plans to merge with the best teams of the ABA at the end of the season. Only the top four teams will make the move and the worst teams will fold. The Tropics are the worst team in the league and if they want to make it to the NBA, Jackie Moon must rally his team and start winning. The only problem is the fact that Jackie Moon is not really the coach and star basketball player he thinks he is. To keep his team from oblivion and leave his mark in the city, Jackie Moon must inspire his team to win fourth place in the playoffs.", "revenue": 33472850, "budget": 0}, {"movie_id": 1819, "genres": ["Comedy", "Romance"], "homepage": "http://www.youmeanddupree.com/", "original_title": "You, Me and Dupree", "popularity": 18.600367000000002, "release_date": "2006-07-14", "vote_average": 5.4, "production_companies": ["Universal Pictures", "Kaplan/Perrone Entertainment", "MMCB Film Produktion 2004"], "overview": "After standing in as best man for his longtime friend Carl Petersen, Randy Dupree loses his job, becomes a barfly and attaches himself to the newlywed couple almost permanently -- as their houseguest. But the longer Dupree camps out on their couch, the closer he gets to Carl's bride, Molly, leaving the frustrated groom wondering when his pal will be moving out.", "revenue": 130431368, "budget": 54000000}, {"movie_id": 26389, "genres": ["Action", "Crime", "Thriller"], "homepage": "http://www.frompariswithlovefilm.com/", "original_title": "From Paris with Love", "popularity": 27.916284, "release_date": "2010-02-05", "vote_average": 6.1, "production_companies": ["Apipoula\u00ef", "M6 Films", "Canal+", "TPS Star", "Grive Productions", "EuropaCorp", "M6", "W9"], "overview": "James Reese has a good job as an ambassador's aid in France, but his real passion is a side gig, working in a minor role in the CIA. He would love to be a full-fledged agent and can't believe his luck when he lands an assignment with Charlie Wax. Trigger-happy Charlie soon has James crying for his desk job, but when he learns that the same guys they're trying to catch are after him, James realizes that Charlie may be his only hope of survival.", "revenue": 52826594, "budget": 52000000}, {"movie_id": 808, "genres": ["Adventure", "Animation", "Comedy", "Family", "Fantasy"], "homepage": "http://www.shrek.com/", "original_title": "Shrek", "popularity": 67.298732, "release_date": "2001-05-16", "vote_average": 7.3, "production_companies": ["DreamWorks SKG", "Pacific Data Images (PDI)", "DreamWorks Animation"], "overview": "It ain't easy bein' green -- especially if you're a likable (albeit smelly) ogre named Shrek. On a mission to retrieve a gorgeous princess from the clutches of a fire-breathing dragon, Shrek teams up with an unlikely compatriot -- a wisecracking donkey.", "revenue": 484409218, "budget": 60000000}, {"movie_id": 187017, "genres": ["Crime", "Comedy", "Action"], "homepage": "http://www.22jumpstreetmovie.com", "original_title": "22 Jump Street", "popularity": 52.380982, "release_date": "2014-06-05", "vote_average": 7.0, "production_companies": ["Columbia Pictures", "Original Film", "Media Rights Capital", "Metro-Goldwyn-Mayer (MGM)", "Cannell Studios", "LStar Capital", "33andOut Productions", "JHF Productions"], "overview": "After making their way through high school (twice), big changes are in store for officers Schmidt and Jenko when they go deep undercover at a local college. But when Jenko meets a kindred spirit on the football team, and Schmidt infiltrates the bohemian art major scene, they begin to question their partnership. Now they don't have to just crack the case - they have to figure out if they can have a mature relationship. If these two overgrown adolescents can grow from freshmen into real men, college might be the best thing that ever happened to them.", "revenue": 188441614, "budget": 50000000}, {"movie_id": 71552, "genres": ["Comedy"], "homepage": "http://www.americanreunionmovie.com/", "original_title": "American Reunion", "popularity": 39.920035, "release_date": "2012-04-04", "vote_average": 6.1, "production_companies": ["Universal Pictures"], "overview": "The characters we met a little more than a decade ago are returning to East Great Falls for their high-school reunion. In one long-overdue weekend, they will discover what has changed, who hasn\u2019t and that time and distance can\u2019t break the bonds of friendship. It was summer 1999 when four small-town Michigan boys began a quest to lose their virginity. In the years that have passed, Jim and Michelle married while Kevin and Vicky said goodbye. Oz and Heather grew apart, but Finch still longs for Stifler\u2019s mom. Now these lifelong friends have come home as adults to reminisce about \u2013 and get inspired by \u2013 the hormonal teens who launched a comedy legend.", "revenue": 234989584, "budget": 50000000}, {"movie_id": 10386, "genres": ["Adventure", "Animation", "Family", "Fantasy", "Science Fiction"], "homepage": "https://www.warnerbros.com/iron-giant", "original_title": "The Iron Giant", "popularity": 61.245957, "release_date": "1999-08-06", "vote_average": 7.6, "production_companies": ["Warner Bros. Animation"], "overview": "In the small town of Rockwell, Maine in October 1957, a giant metal machine befriends a nine-year-old boy and ultimately finds its humanity by unselfishly saving people from their own fears and prejudices.", "revenue": 23159305, "budget": 70000000}, {"movie_id": 329833, "genres": ["Comedy"], "homepage": "http://www.zoolander.com/", "original_title": "Zoolander 2", "popularity": 37.253774, "release_date": "2016-02-06", "vote_average": 4.7, "production_companies": ["Scott Rudin Productions", "Red Hour Films"], "overview": "Derek and Hansel are modelling again when an opposing company attempts to take them out from the business.", "revenue": 55969000, "budget": 50000000}, {"movie_id": 5176, "genres": ["Western"], "homepage": "http://www.310toyumathefilm.com/", "original_title": "3:10 to Yuma", "popularity": 48.801089000000005, "release_date": "2007-09-06", "vote_average": 6.9, "production_companies": ["Tree Line Films", "Lionsgate", "Relativity Media", "Yuma"], "overview": "In Arizona in the late 1800's, infamous outlaw Ben Wade and his vicious gang of thieves and murderers have plagued the Southern Railroad. When Wade is captured, Civil War veteran Dan Evans, struggling to survive on his drought-plagued ranch, volunteers to deliver him alive to the \"3:10 to Yuma\", a train that will take the killer to trial.", "revenue": 70016220, "budget": 55000000}, {"movie_id": 9487, "genres": ["Adventure", "Animation", "Comedy", "Family"], "homepage": "http://movies.disney.com/a-bugs-life", "original_title": "A Bug's Life", "popularity": 87.350802, "release_date": "1998-11-25", "vote_average": 6.8, "production_companies": ["Walt Disney Pictures", "Pixar Animation Studios"], "overview": "On behalf of \"oppressed bugs everywhere,\" an inventive ant named Flik hires a troupe of warrior bugs to defend his bustling colony from a horde of freeloading grasshoppers led by the evil-minded Hopper.", "revenue": 363258859, "budget": 120000000}, {"movie_id": 18240, "genres": ["Comedy", "Romance", "Drama"], "homepage": "http://www.myspace.com/proposalmovie", "original_title": "The Proposal", "popularity": 36.238968, "release_date": "2009-06-01", "vote_average": 6.7, "production_companies": ["Touchstone Pictures", "Mandeville Films", "Kurtzman/Orci"], "overview": "When she learns she's in danger of losing her visa status and being deported, overbearing book editor Margaret Tate forces her put-upon assistant, Andrew Paxton, to marry her.", "revenue": 317375031, "budget": 40000000}, {"movie_id": 32823, "genres": ["Comedy"], "homepage": "http://www.gethimtothegreek.net/", "original_title": "Get Him to the Greek", "popularity": 17.869443, "release_date": "2010-06-04", "vote_average": 5.9, "production_companies": ["Universal Pictures", "Spyglass Entertainment", "Relativity Media", "Apatow Productions"], "overview": "Pinnacle records has the perfect plan to get their sinking company back on track: a comeback concert in LA featuring Aldous Snow, a fading rockstar who has dropped off the radar in recent years. Record company intern Aaron Green is faced with the monumental task of bringing his idol, out of control rock star Aldous Snow, back to LA for his comeback show.", "revenue": 90029656, "budget": 40000000}, {"movie_id": 708, "genres": ["Action", "Adventure", "Thriller"], "homepage": "http://www.mgm.com/view/movie/1132/The-Living-Daylights/", "original_title": "The Living Daylights", "popularity": 23.331459, "release_date": "1987-06-29", "vote_average": 6.2, "production_companies": ["United Artists", "Eon Productions"], "overview": "James Bond helps a Russian General escape into the west. He soon finds out that the KGB wants to kill him for helping the General. A little while later the General is kidnapped from the Secret Service leading 007 to be suspicious.", "revenue": 191185897, "budget": 40000000}, {"movie_id": 39513, "genres": ["Adventure", "Comedy", "Science Fiction"], "homepage": "http://paulthemovie.co.uk/", "original_title": "Paul", "popularity": 43.151268, "release_date": "2011-02-14", "vote_average": 6.5, "production_companies": ["Universal Pictures", "Big Talk Productions", "Relativity Media", "Working Title Films"], "overview": "For the past 60 years, a space-traveling smart-ass named Paul has been locked up in a top-secret military base, advising world leaders about his kind. But when he worries he\u2019s outlived his usefulness and the dissection table is drawing uncomfortably close, Paul escapes on the first RV that passes by his compound in Area 51. Fortunately, it contains the two earthlings who are most likely to rescue and harbor an alien on the run.", "revenue": 97552050, "budget": 40000000}, {"movie_id": 23168, "genres": ["Crime", "Drama", "Thriller"], "homepage": "http://thetownmovie.warnerbros.com/", "original_title": "The Town", "popularity": 24.218358, "release_date": "2010-09-15", "vote_average": 7.0, "production_companies": ["Legendary Pictures", "GK Films", "Thunder Road Pictures", "Warner Bros."], "overview": "Doug MacRay is a longtime thief, who, smarter than the rest of his crew, is looking for his chance to exit the game. When a bank job leads to the group kidnapping an attractive branch manager, he takes on the role of monitoring her \u2013 but their burgeoning relationship threatens to unveil the identities of Doug and his crew to the FBI Agent who is on their case.", "revenue": 154026136, "budget": 37000000}, {"movie_id": 325133, "genres": ["Comedy"], "homepage": "http://www.neighbors-movie.com/", "original_title": "Neighbors 2: Sorority Rising", "popularity": 50.179171000000004, "release_date": "2016-05-04", "vote_average": 5.6, "production_companies": ["Universal Pictures", "Perfect World Pictures", "Point Grey Pictures", "Good Universe"], "overview": "A sorority moves in next door to the home of Mac and Kelly Radner who have a young child. The Radner's enlist their former nemeses from the fraternity to help battle the raucous sisters.", "revenue": 108758521, "budget": 35000000}, {"movie_id": 89492, "genres": ["Comedy"], "homepage": "http://www.thisis40movie.com/", "original_title": "This Is 40", "popularity": 38.429648, "release_date": "2012-12-20", "vote_average": 5.6, "production_companies": ["Apatow Productions"], "overview": "Pete and Debbie are both about to turn 40, their kids hate each other, both of their businesses are failing, they're on the verge of losing their house, and their relationship is threatening to fall apart.", "revenue": 88058786, "budget": 35000000}, {"movie_id": 1892, "genres": ["Adventure", "Action", "Science Fiction"], "homepage": "http://www.starwars.com/films/star-wars-episode-vi-return-of-the-jedi", "original_title": "Return of the Jedi", "popularity": 46.509071, "release_date": "1983-05-23", "vote_average": 7.9, "production_companies": ["Lucasfilm", "Twentieth Century Fox Film Corporation"], "overview": "As Rebel leaders map their strategy for an all-out attack on the Emperor's newer, bigger Death Star. Han Solo remains frozen in the cavernous desert fortress of Jabba the Hutt, the most loathsome outlaw in the universe, who is also keeping Princess Leia as a slave girl. Now a master of the Force, Luke Skywalker rescues his friends, but he cannot become a true Jedi Knight until he wages his own crucial battle against Darth Vader, who has sworn to win Luke over to the dark side of the Force.", "revenue": 572700000, "budget": 32350000}, {"movie_id": 50647, "genres": ["Comedy"], "homepage": "http://www.wanderlust-movie.com/Wanderlust/home.html", "original_title": "Wanderlust", "popularity": 20.908494, "release_date": "2012-02-23", "vote_average": 5.3, "production_companies": ["Relativity Media", "Apatow Productions", "A Hot Dog"], "overview": "Rattled by sudden unemployment, a Manhattan couple surveys alternative living options, ultimately deciding to experiment with living on a rural commune where free love rules.", "revenue": 24159934, "budget": 35000000}, {"movie_id": 109414, "genres": ["Action", "Comedy"], "homepage": "http://www.thisistheend.com/", "original_title": "This Is the End", "popularity": 38.217079999999996, "release_date": "2013-06-12", "vote_average": 6.3, "production_companies": ["Columbia Pictures", "Mandate Pictures", "Sony Pictures Entertainment (SPE)", "Point Grey Pictures"], "overview": "While attending a party at James Franco's house, Seth Rogen, Jay Baruchel and many other celebrities are faced with the apocalypse.", "revenue": 126041322, "budget": 32000000}, {"movie_id": 698, "genres": ["Action", "Adventure", "Thriller", "Science Fiction"], "homepage": "http://www.mgm.com/view/movie/1292/Moonraker/", "original_title": "Moonraker", "popularity": 29.887403999999997, "release_date": "1979-06-26", "vote_average": 5.9, "production_companies": ["United Artists", "Eon Productions"], "overview": "During the transportation of a Space Shuttle a Boeing 747 crashes in the Atlantic Ocean yet when they go to look for the destroyed shuttle it is not there. James Bond investigates the missing mission space shuttle and soon learns that the shuttles owner Hugo Drax wants to kill all of mankind.", "revenue": 210308099, "budget": 34000000}, {"movie_id": 9870, "genres": ["Comedy", "Romance", "Drama"], "homepage": "http://www.forgettingsarahmarshall.com/", "original_title": "Forgetting Sarah Marshall", "popularity": 50.670253, "release_date": "2008-04-17", "vote_average": 6.4, "production_companies": ["Universal Pictures", "Apatow Productions"], "overview": "When Sarah Marshall dumps aspiring musician Peter Bretter for rock star Aldous Snow, Peter's world comes crashing down. His best friend suggests that Peter should get away from everything and to fly off to Hawaii to escape all his problems. After arriving in Hawaii and meeting the beautiful Rachel Jansen, Peter is shocked to see not only Aldous Snow in Hawaii, but also Sarah Marshall.", "revenue": 105173115, "budget": 30000000}, {"movie_id": 707, "genres": ["Adventure", "Action", "Thriller"], "homepage": "http://www.mgm.com/view/movie/2101/A-View-to-a-Kill/", "original_title": "A View to a Kill", "popularity": 27.230493, "release_date": "1985-05-24", "vote_average": 6.0, "production_companies": ["Eon Productions"], "overview": "A newly developed microchip designed by Zorin Industries for the British Government that can survive the electromagnetic radiation caused by a nuclear explosion has landed in the hands of the KGB. James Bond must find out how and why. His suspicions soon lead him to big industry leader Max Zorin.", "revenue": 152427960, "budget": 30000000}, {"movie_id": 3933, "genres": ["Romance", "Fantasy", "Animation", "Music"], "homepage": "http://corpsebridemovie.warnerbros.com/", "original_title": "Corpse Bride", "popularity": 43.571612, "release_date": "2005-09-09", "vote_average": 7.2, "production_companies": ["Tim Burton Animation Company", "Will Vinton Studios", "Warner Bros.", "Tim Burton Productions", "Laika Entertainment", "Patalex Productions"], "overview": "Set in a 19th-century european village, this stop-motion animation feature follows the story of Victor, a young man whisked away to the underworld and wed to a mysterious corpse bride, while his real bride Victoria waits bereft in the land of the living.", "revenue": 117195061, "budget": 40000000}, {"movie_id": 223702, "genres": ["Adventure", "Animation", "Comedy", "Fantasy"], "homepage": "http://www.sausagepartymovie.com", "original_title": "Sausage Party", "popularity": 66.242737, "release_date": "2016-07-11", "vote_average": 5.6, "production_companies": ["Columbia Pictures", "Sony Pictures Animation", "Sony Pictures Entertainment", "Annapurna Pictures", "Point Grey Pictures", "Nitrogen Studios Canada"], "overview": "Sausage Party, the first R-rated CG animated movie, is about one sausage leading a group of supermarket products on a quest to discover the truth about their existence and what really happens when they become chosen to leave the grocery store.", "revenue": 140752617, "budget": 19000000}, {"movie_id": 812, "genres": ["Animation", "Family", "Comedy", "Adventure", "Fantasy", "Romance"], "homepage": "http://movies.disney.com/aladdin", "original_title": "Aladdin", "popularity": 92.98200899999999, "release_date": "1992-11-25", "vote_average": 7.4, "production_companies": ["Walt Disney Pictures"], "overview": "Princess Jasmine grows tired of being forced to remain in the palace and she sneaks out into the marketplace  in disguise where she meets street-urchin Aladdin and the two fall in love, although she may only marry a prince. After being thrown in jail, Aladdin and becomes embroiled in a plot to find a mysterious lamp with which the evil Jafar hopes to rule the land.", "revenue": 504050219, "budget": 28000000}, {"movie_id": 699, "genres": ["Adventure", "Action", "Thriller"], "homepage": "http://www.mgm.com/view/movie/695/For-Your-Eyes-Only/", "original_title": "For Your Eyes Only", "popularity": 26.090746, "release_date": "1981-06-23", "vote_average": 6.3, "production_companies": ["United Artists", "Eon Productions"], "overview": "A British spy ship has sunk and on board was a hi-tech encryption device. James Bond is sent to find the device that holds British launching instructions before the enemy Soviets get to it first.", "revenue": 195312802, "budget": 28000000}, {"movie_id": 4348, "genres": ["Drama", "Romance"], "homepage": "http://www.prideandprejudicemovie.net/splash.html", "original_title": "Pride & Prejudice", "popularity": 36.58383, "release_date": "2005-09-16", "vote_average": 7.7, "production_companies": ["Universal Pictures", "StudioCanal", "Scion Films", "Focus Features", "Working Title Films"], "overview": "Pride & Prejudice is a humorous story of love and life among English gentility during the Georgian era. Mr. Bennet is an English gentleman living in Hertfordshire with his overbearing wife and five daughters. If Mr. Bennet dies their house will be inherited by a distant cousin whom they have never met, so the family's future happiness and security is dependent on the daughters making good marriages.", "revenue": 121147947, "budget": 28000000}, {"movie_id": 700, "genres": ["Adventure", "Action", "Thriller"], "homepage": "http://www.mgm.com/view/movie/1394/Octopussy/", "original_title": "Octopussy", "popularity": 25.633663000000002, "release_date": "1983-06-05", "vote_average": 6.2, "production_companies": ["Eon Productions"], "overview": "James Bond is sent to investigate after a fellow \u201c00\u201d agent is found dead with a priceless Farberge egg. James bond follows the mystery and uncovers a smuggling scandal and a Russian General who wants to provoke a new World War.", "revenue": 187500000, "budget": 27500000}, {"movie_id": 4964, "genres": ["Comedy", "Romance", "Drama"], "homepage": "http://knockedupmovie.com/", "original_title": "Knocked Up", "popularity": 22.527210999999998, "release_date": "2007-06-01", "vote_average": 6.2, "production_companies": ["Universal Pictures", "Apatow Productions"], "overview": "For fun loving party animal Ben Stone, the last thing he ever expected was for his one night stand to show up on his doorstep eight weeks later to tell him she's pregnant.", "revenue": 219076518, "budget": 30000000}, {"movie_id": 14560, "genres": ["Action", "Adventure", "Comedy", "Family"], "homepage": "http://paulblartmallcop.com/", "original_title": "Paul Blart: Mall Cop", "popularity": 31.250383000000003, "release_date": "2009-01-15", "vote_average": 5.2, "production_companies": ["Columbia Pictures", "Happy Madison Productions", "Relativity Media", "Hey Eddie"], "overview": "Mild-mannered Paul Blart (Kevin James) has always had huge dreams of becoming a State Trooper. Until then, he patrols the local mall as a security guard. With his closely cropped moustache, personal transporter and gung-ho attitude, only Blart seems to take his job seriously. All that changes when a team of thugs raids the mall and takes hostages. Untrained, unarmed and a super-size target, Blart has to become a real cop to save the day.", "revenue": 183293131, "budget": 26000000}, {"movie_id": 6957, "genres": ["Comedy", "Romance"], "homepage": "http://www.universalstudiosentertainment.com/the-40-year-old-virgin/", "original_title": "The 40 Year Old Virgin", "popularity": 38.473732, "release_date": "2005-08-11", "vote_average": 6.2, "production_companies": ["Universal Pictures", "Apatow Productions"], "overview": "Andy Stitzer has a pleasant life with a nice apartment and a job stamping invoices at an electronics store. But at age 40, there's one thing Andy hasn't done, and it's really bothering his sex-obsessed male co-workers: Andy is still a virgin. Determined to help Andy get laid, the guys make it their mission to de-virginize him. But it all seems hopeless until Andy meets small business owner Trish, a single mom.", "revenue": 109449237, "budget": 26000000}, {"movie_id": 10189, "genres": ["Action", "Comedy"], "homepage": "http://www.sonypictures.com/movies/pineappleexpress/", "original_title": "Pineapple Express", "popularity": 41.832392, "release_date": "2008-08-06", "vote_average": 6.6, "production_companies": ["Columbia Pictures", "Apatow Productions"], "overview": "A stoner and his dealer are forced to go on the run from the police after the pothead witnesses a cop commit a murder.", "revenue": 101624843, "budget": 27000000}, {"movie_id": 769, "genres": ["Drama", "Crime"], "homepage": "http://www.warnerbros.com/goodfellas", "original_title": "GoodFellas", "popularity": 63.65424399999999, "release_date": "1990-09-12", "vote_average": 8.2, "production_companies": ["Winkler Films"], "overview": "The true story of Henry Hill, a half-Irish, half-Sicilian Brooklyn kid who is adopted by neighbourhood gangsters at an early age and climbs the ranks of a Mafia family under the guidance of Jimmy Conway.", "revenue": 46836394, "budget": 25000000}, {"movie_id": 12620, "genres": ["Romance", "Comedy"], "homepage": "http://www.thehousebunny.com/", "original_title": "The House Bunny", "popularity": 25.838073, "release_date": "2008-08-22", "vote_average": 5.6, "production_companies": ["Columbia Pictures", "Happy Madison Productions", "Relativity Media", "Alta Loma Entertainment"], "overview": "Shelley is living a carefree life until a rival gets her tossed out of the Playboy Mansion. With nowhere to go, fate delivers her to the sorority girls from Zeta Alpha Zeta. Unless they can sign a new pledge class, the seven socially clueless women will lose their house to the scheming girls of Phi Iota Mu. In order to accomplish their goal, they need Shelley to teach them the ways of makeup and men; at the same time, Shelley needs some of what the Zetas have - a sense of individuality. The combination leads all the girls to learn how to stop pretending and start being themselves.", "revenue": 70442940, "budget": 25000000}, {"movie_id": 10358, "genres": ["Comedy"], "homepage": "http://www.zackandmiri.com", "original_title": "Zack and Miri Make a Porno", "popularity": 27.326465999999996, "release_date": "2008-09-18", "vote_average": 6.1, "production_companies": ["Blue Askew", "View Askew Productions"], "overview": "Lifelong platonic friends Zack and Miri look to solve their respective cash-flow problems by making an adult film together. As the cameras roll, however, the duo begin to sense that they may have more feelings for each other than they previously thought.", "revenue": 42105111, "budget": 24000000}, {"movie_id": 1891, "genres": ["Adventure", "Action", "Science Fiction"], "homepage": "http://www.starwars.com/films/star-wars-episode-v-the-empire-strikes-back", "original_title": "The Empire Strikes Back", "popularity": 78.51783, "release_date": "1980-05-17", "vote_average": 8.2, "production_companies": ["Lucasfilm", "Twentieth Century Fox Film Corporation"], "overview": "The epic saga continues as Luke Skywalker, in hopes of defeating the evil Galactic Empire, learns the ways of the Jedi from aging master Yoda. But Darth Vader is more determined than ever to capture Luke. Meanwhile, rebel leader Princess Leia, cocky Han Solo, Chewbacca, and droids C-3PO and R2-D2 are thrown into various stages of capture, betrayal and despair.", "revenue": 538400000, "budget": 18000000}, {"movie_id": 957, "genres": ["Comedy", "Science Fiction"], "homepage": "http://www.mgm.com/view/movie/1873/Spaceballs/", "original_title": "Spaceballs", "popularity": 39.890798, "release_date": "1987-06-24", "vote_average": 6.7, "production_companies": ["Brooksfilms Ltd.", "Metro-Goldwyn-Mayer (MGM)"], "overview": "When the nefarious Dark Helmet hatches a plan to snatch Princess Vespa and steal her planet's air, space-bum-for-hire Lone Starr and his clueless sidekick fly to the rescue. Along the way, they meet Yogurt, who puts Lone Starr wise to the power of \"The Schwartz.\" Can he master it in time to save the day?", "revenue": 38119483, "budget": 22700000}, {"movie_id": 82693, "genres": ["Drama", "Comedy", "Romance"], "homepage": "http://silverliningsplaybookmovie.com/", "original_title": "Silver Linings Playbook", "popularity": 63.599973, "release_date": "2012-09-08", "vote_average": 6.9, "production_companies": ["The Weinstein Company"], "overview": "After spending eight months in a mental institution, a former teacher moves back in with his parents and tries to reconcile with his ex-wife.", "revenue": 205738714, "budget": 21000000}, {"movie_id": 755, "genres": ["Horror", "Action", "Thriller", "Crime"], "homepage": "http://www.miramax.com/movie/from-dusk-till-dawn/", "original_title": "From Dusk Till Dawn", "popularity": 64.181668, "release_date": "1996-01-19", "vote_average": 6.9, "production_companies": ["A Band Apart", "Dimension Films", "Los Hooligans Productions", "Miramax"], "overview": "Seth Gecko and his younger brother Richard are on the run after a bloody bank robbery in Texas. They escape across the border into Mexico and will be home-free the next morning, when they pay off the local kingpin. They just have to survive 'from dusk till dawn' at the rendezvous point, which turns out to be a Hell of a strip joint.", "revenue": 25836616, "budget": 19000000}, {"movie_id": 63492, "genres": ["Comedy", "Romance"], "homepage": "http://www.whatsyournumbermovie.com/", "original_title": "What's Your Number?", "popularity": 19.220789, "release_date": "2011-09-30", "vote_average": 6.2, "production_companies": ["Regency Enterprises", "Contrafilm", "New Regency Pictures"], "overview": "Ally Darling (Anna Faris) is realizing she's a little lost in life. Her latest romance has just fizzled out, and she's just been fired from her marketing job. Then she reads an eye-opening magazine article that warns that 96 percent of women who've been with 20 or more lovers are unlikely to find a husband. Determined to turn her life around and prove the article wrong, Ally embarks on a mission to find the perfect mate from among her numerous ex-boyfriends.", "revenue": 30426096, "budget": 20000000}, {"movie_id": 8363, "genres": ["Comedy"], "homepage": "http://www.areyousuperbad.com/", "original_title": "Superbad", "popularity": 33.436091999999995, "release_date": "2007-08-17", "vote_average": 7.0, "production_companies": ["Columbia Pictures", "Apatow Productions"], "overview": "High school best buddies are facing separation anxiety as they prepare to go off to college. While attempting to score alcohol for a party with help from a fake ID-toting friend, the guys' evening takes a turn into chaotic territory.", "revenue": 121463226, "budget": 20000000}, {"movie_id": 41439, "genres": ["Horror", "Crime"], "homepage": "http://www.saw3dmovie.com", "original_title": "Saw 3D", "popularity": 36.133536, "release_date": "2010-10-21", "vote_average": 5.8, "production_companies": ["Lionsgate", "Twisted Pictures", "Serendipity Productions"], "overview": "As a deadly battle rages over Jigsaw's brutal legacy, a group of Jigsaw survivors gathers to seek the support of self-help guru and fellow survivor Bobby Dagen, a man whose own dark secrets unleash a new wave of terror.", "revenue": 136150434, "budget": 20000000}, {"movie_id": 45269, "genres": ["Drama", "History"], "homepage": "http://www.kingsspeech.com/", "original_title": "The King's Speech", "popularity": 54.053576, "release_date": "2010-09-06", "vote_average": 7.6, "production_companies": ["The Weinstein Company", "UK Film Council", "Bedlam Productions", "See-Saw Films", "Aegis Film Fund", "FilmNation Entertainment", "Momentum Pictures", "Molinare Investment"], "overview": "The King's Speech tells the story of the man who became King George VI, the father of Queen Elizabeth II. After his brother abdicates, George ('Bertie') reluctantly assumes the throne. Plagued by a dreaded stutter and considered unfit to be king, Bertie engages the help of an unorthodox speech therapist named Lionel Logue. Through a set of unexpected techniques, and as a result of an unlikely friendship, Bertie is able to find his voice and boldly lead the country into war.", "revenue": 414211549, "budget": 15000000}, {"movie_id": 2142, "genres": ["Action", "Crime", "Drama"], "homepage": "http://www.miramax.com/movie/cop-land", "original_title": "Cop Land", "popularity": 19.284129, "release_date": "1997-08-15", "vote_average": 6.6, "production_companies": ["Miramax Films", "Across the River Productions", "Woods Entertainment"], "overview": "Freddy Heflin is the sheriff of a place everyone calls \u201cCop Land\u201d \u2014 a small and seemingly peaceful town populated by the big city police officers he\u2019s long admired. Yet something ugly is taking place behind the town\u2019s peaceful facade. And when Freddy uncovers a massive, deadly conspiracy among these local residents, he is forced to take action and make a dangerous choice between protecting his idols and upholding the law.", "revenue": 44862187, "budget": 15000000}, {"movie_id": 691, "genres": ["Adventure", "Action", "Thriller"], "homepage": "http://www.mgm.com/view/movie/1891/The-Spy-Who-Loved-Me/", "original_title": "The Spy Who Loved Me", "popularity": 27.173470000000002, "release_date": "1977-07-07", "vote_average": 6.6, "production_companies": ["United Artists", "Eon Productions", "Danjaq"], "overview": "Russian and British submarines with nuclear missiles on board both vanish from sight without a trace. England and Russia both blame each other as James Bond tries to solve the riddle of the disappearing ships. But the KGB also has an agent on the case.", "revenue": 185438673, "budget": 14000000}, {"movie_id": 11, "genres": ["Adventure", "Action", "Science Fiction"], "homepage": "http://www.starwars.com/films/star-wars-episode-iv-a-new-hope", "original_title": "Star Wars", "popularity": 126.393695, "release_date": "1977-05-25", "vote_average": 8.1, "production_companies": ["Lucasfilm", "Twentieth Century Fox Film Corporation"], "overview": "Princess Leia is captured and held hostage by the evil Imperial forces in their effort to take over the galactic Empire. Venturesome Luke Skywalker and dashing captain Han Solo team together with the loveable robot duo R2-D2 and C-3PO to rescue the beautiful princess and restore peace and justice in the Empire.", "revenue": 775398007, "budget": 11000000}, {"movie_id": 45317, "genres": ["Drama"], "homepage": "http://www.thefightermovie.com", "original_title": "The Fighter", "popularity": 31.019381, "release_date": "2010-12-17", "vote_average": 7.2, "production_companies": ["Paramount Pictures"], "overview": "The Fighter, is a drama about boxer \"Irish\" Micky Ward's unlikely road to the world light welterweight title. His Rocky-like rise was shepherded by half-brother Dicky, a boxer-turned-trainer who rebounded in life after nearly being KO'd by drugs and crime.", "revenue": 93617009, "budget": 25000000}, {"movie_id": 22804, "genres": ["Horror", "Mystery"], "homepage": "http://www.saw6film.com/", "original_title": "Saw VI", "popularity": 31.900899, "release_date": "2009-10-22", "vote_average": 6.0, "production_companies": ["Lionsgate", "Twisted Pictures"], "overview": "Special Agent Strahm is dead, and Detective Hoffman has emerged as the unchallenged successor to Jigsaw's legacy. However, when the FBI draws closer to Hoffman, he is forced to set a game into motion, and Jigsaw's grand scheme is finally understood.", "revenue": 68233629, "budget": 11000000}, {"movie_id": 663, "genres": ["Horror", "Thriller", "Crime"], "homepage": "http://movies.break.com/saw4/", "original_title": "Saw IV", "popularity": 29.244768, "release_date": "2007-10-25", "vote_average": 5.9, "production_companies": ["Lions Gate Films", "Twisted Pictures"], "overview": "Jigsaw and his apprentice Amanda are dead. Now, upon the news of Detective Kerry's murder, two seasoned FBI profilers, Agent Strahm and Agent Perez, arrive in the terrified community to assist the veteran Detective Hoffman in sifting through Jigsaw's latest grisly remains and piecing together the puzzle. However, when SWAT Commander Rigg is abducted and thrust into a game, the last officer untouched by Jigsaw has but ninety minutes to overcome a series of demented traps and save an old friend...or face the deadly consequences.", "revenue": 139352633, "budget": 10000000}, {"movie_id": 1832, "genres": ["Fantasy", "Comedy", "Adventure"], "homepage": "http://www.dogma-movie.com/", "original_title": "Dogma", "popularity": 14.543435, "release_date": "1999-11-12", "vote_average": 6.8, "production_companies": ["Lions Gate", "View Askew Productions"], "overview": "The latest battle in the eternal war between Good and Evil has come to New Jersey in the late, late 20th Century. Angels, demons, apostles and prophets (of a sort) walk among the cynics and innocents of America and duke it out for the fate of humankind.", "revenue": 30652890, "budget": 10000000}, {"movie_id": 67911, "genres": ["Comedy"], "homepage": "http://www.buckylarson.com/", "original_title": "Bucky Larson: Born to Be a Star", "popularity": 3.919057, "release_date": "2011-09-09", "vote_average": 4.4, "production_companies": ["Columbia Pictures", "Happy Madison Productions"], "overview": "A kid from the Midwest moves out to Hollywood in order to follow in his parents footsteps -- and become a porn star.", "revenue": 0, "budget": 10000000}, {"movie_id": 16614, "genres": ["Comedy"], "homepage": "http://www.adventurelandthefilm.com/", "original_title": "Adventureland", "popularity": 19.978021, "release_date": "2009-04-03", "vote_average": 6.4, "production_companies": ["Miramax Films", "Sidney Kimmel Entertainment", "This Is That Productions"], "overview": "In the summer of 1987, a college graduate takes a 'nowhere' job at his local amusement park, only to find it's the perfect course to get him prepared for the real world.", "revenue": 17164377, "budget": 9500000}, {"movie_id": 667, "genres": ["Action", "Thriller", "Adventure"], "homepage": "http://www.mgm.com/view/movie/2347/You-Only-Live-Twice/", "original_title": "You Only Live Twice", "popularity": 28.675890999999996, "release_date": "1967-06-12", "vote_average": 6.5, "production_companies": ["Eon Productions"], "overview": "A mysterious space craft kidnaps a Russian and American space capsule and brings the world on the verge of another World War. James Bond investigates the case in Japan and meets with his archenemy Blofeld. The fifth film from the legendary James Bond series starring Sean Connery as the British super agent.", "revenue": 111584787, "budget": 9500000}, {"movie_id": 660, "genres": ["Adventure", "Action", "Thriller"], "homepage": "http://www.mgm.com/view/movie/2009/Thunderball/", "original_title": "Thunderball", "popularity": 31.035999999999998, "release_date": "1965-12-16", "vote_average": 6.5, "production_companies": ["Eon Productions", "Metro-Goldwyn-Mayer (MGM)"], "overview": "A criminal organization has obtained two nuclear bombs and are asking for a 100 million pound ransom in the form of diamonds in seven days or they will use the weapons. The secret service sends James Bond to the Bahamas to once again save the world.", "revenue": 141195658, "budget": 5500000}, {"movie_id": 668, "genres": ["Adventure", "Action", "Thriller"], "homepage": "http://www.mgm.com/view/movie/1411/On-Her-Majesty%E2%80%99s-Secret-Service/", "original_title": "On Her Majesty's Secret Service", "popularity": 25.289665, "release_date": "1969-12-12", "vote_average": 6.5, "production_companies": ["United Artists", "Eon Productions", "Danjaq"], "overview": "James Bond tracks archnemesis Ernst Blofeld to a mountaintop retreat where he's training an army of beautiful but lethal women. Along the way, Bond falls for Italian contessa Tracy Draco -- and marries her in order to get closer to Blofeld. Meanwhile, he locates Blofeld in the Alps and embarks on a classic ski chase.", "revenue": 81974493, "budget": 6500000}, {"movie_id": 681, "genres": ["Adventure", "Action", "Thriller"], "homepage": "http://www.mgm.com/view/movie/529/Diamonds-Are-Forever/", "original_title": "Diamonds Are Forever", "popularity": 34.634181, "release_date": "1971-12-13", "vote_average": 6.3, "production_companies": ["United Artists", "Eon Productions", "Danjaq"], "overview": "Diamonds are stolen only to be sold again in the international market. James Bond infiltrates a smuggling mission to find out who\u2019s guilty. The mission takes him to Las Vegas where Bond meets his archenemy Blofeld.", "revenue": 116019547, "budget": 7200000}, {"movie_id": 253, "genres": ["Adventure", "Action", "Thriller"], "homepage": "http://www.mgm.com/view/movie/1130/Live-and-Let-Die/", "original_title": "Live and Let Die", "popularity": 30.465138, "release_date": "1973-07-05", "vote_average": 6.4, "production_companies": ["United Artists", "Eon Productions", "Danjaq"], "overview": "James Bond must investigate a mysterious murder case of a British agent in New Orleans. Soon he finds himself up against a gangster boss named Mr. Big.", "revenue": 161777836, "budget": 7000000}, {"movie_id": 682, "genres": ["Adventure", "Action", "Thriller"], "homepage": "http://www.mgm.com/view/movie/1213/The-Man-with-the-Golden-Gun/", "original_title": "The Man with the Golden Gun", "popularity": 30.214715999999996, "release_date": "1974-12-01", "vote_average": 6.3, "production_companies": ["United Artists", "Eon Productions", "Danjaq"], "overview": "A golden bullet has 007 engraved on it as it smashes into the secret service headquarters. The bullet came from the professional killer Scaramanga who has yet to miss a target and James Bond begins a mission to try and stop him.", "revenue": 97572000, "budget": 7000000}, {"movie_id": 658, "genres": ["Adventure", "Action", "Thriller"], "homepage": "http://www.mgm.com/view/movie/760/Goldfinger/", "original_title": "Goldfinger", "popularity": 47.812466, "release_date": "1964-09-17", "vote_average": 7.2, "production_companies": ["United Artists", "Eon Productions", "Danjaq"], "overview": "Special agent 007 (Sean Connery) comes face to face with one of the most notorious villains of all time, and now he must outwit and outgun the powerful tycoon to prevent him from cashing in on a devious scheme to raid Fort Knox -- and obliterate the world's economy.", "revenue": 124881062, "budget": 2500000}, {"movie_id": 657, "genres": ["Action", "Thriller", "Adventure"], "homepage": "http://www.mgm.com/view/movie/717/From-Russia-With-Love/", "original_title": "From Russia with Love", "popularity": 41.298722999999995, "release_date": "1963-10-11", "vote_average": 6.9, "production_companies": ["United Artists", "Eon Productions", "Danjaq"], "overview": "Agent 007 is back in the second installment of the James Bond series, this time battling a secret crime organization known as SPECTRE. Russians Rosa Klebb and Kronsteen are out to snatch a decoding device known as the Lektor, using the ravishing Tatiana to lure Bond into helping them. Bond willingly travels to meet Tatiana in Istanbul, where he must rely on his wits to escape with his life in a series of deadly encounters with the enemy", "revenue": 78898765, "budget": 2000000}, {"movie_id": 1961, "genres": ["Comedy", "Horror"], "homepage": "http://www.dhentertainment.com/projects/1.my-name-bruce/", "original_title": "My Name Is Bruce", "popularity": 7.5591, "release_date": "2007-10-01", "vote_average": 5.9, "production_companies": ["Dark Horse Entertainment", "Image Entertainment"], "overview": "B Movie Legend Bruce Campbell is mistaken for his character Ash from the Evil Dead trilogy and forced to fight a real monster in a small town in Oregon.", "revenue": 173066, "budget": 1500000}, {"movie_id": 646, "genres": ["Adventure", "Action", "Thriller"], "homepage": "http://www.mgm.com/#/our-titles/566/Dr.-No", "original_title": "Dr. No", "popularity": 48.901542, "release_date": "1962-10-04", "vote_average": 6.9, "production_companies": ["United Artists", "Eon Productions"], "overview": "In the film that launched the James Bond saga, Agent 007 battles mysterious Dr. No, a scientific genius bent on destroying the U.S. space program. As the countdown to disaster begins, Bond must go to Jamaica, where he encounters beautiful Honey Ryder, to confront a megalomaniacal villain in his massive island headquarters.", "revenue": 59600000, "budget": 950000}, {"movie_id": 2255, "genres": ["Comedy", "Drama", "Romance"], "homepage": "http://www.viewaskew.com/chasingamy/", "original_title": "Chasing Amy", "popularity": 20.601482999999998, "release_date": "1997-04-04", "vote_average": 6.7, "production_companies": ["Miramax Films", "View Askew Productions"], "overview": "Holden and Banky are comic book artists. Everything is going good for them until they meet Alyssa, also a comic book artist. Holden falls for her, but his hopes are crushed when he finds out she's a lesbian.", "revenue": 12021272, "budget": 250000}, {"movie_id": 2292, "genres": ["Comedy"], "homepage": "http://www.miramax.com/movie/clerks/", "original_title": "Clerks", "popularity": 19.748658, "release_date": "1994-09-13", "vote_average": 7.4, "production_companies": ["Miramax Films", "View Askew Productions"], "overview": "Convenience and video store clerks Dante and Randal are sharp-witted, potty-mouthed and bored out of their minds. So in between needling customers, the counter jockeys play hockey on the roof, visit a funeral home and deal with their love lives.", "revenue": 3151130, "budget": 27000}]}