{"nodes": [{"id": "Adam Sandler", "gender": "2", "person_id": "19292"}, {"id": "Alan Rickman", "gender": "2", "person_id": "4566"}, {"id": "Allen Covert", "gender": "2", "person_id": "20818"}, {"id": "Anthony Daniels", "gender": "2", "person_id": "6"}, {"id": "Arnold Schwarzenegger", "gender": "2", "person_id": "1100"}, {"id": "Ben Stiller", "gender": "2", "person_id": "7399"}, {"id": "Bernard Lee", "gender": "2", "person_id": "9874"}, {"id": "Bob Bergen", "gender": "2", "person_id": "78317"}, {"id": "Bruce Campbell", "gender": "2", "person_id": "11357"}, {"id": "Cheech Marin", "gender": "2", "person_id": "11159"}, {"id": "Chris Evans", "gender": "2", "person_id": "16828"}, {"id": "Dan Patrick", "gender": "2", "person_id": "166029"}, {"id": "Daniel Radcliffe", "gender": "2", "person_id": "10980"}, {"id": "David Bradley", "gender": "2", "person_id": "11180"}, {"id": "David Spade", "gender": "2", "person_id": "60950"}, {"id": "DeForest Kelley", "gender": "0", "person_id": "1750"}, {"id": "Desmond Llewelyn", "gender": "2", "person_id": "9906"}, {"id": "Elijah Wood", "gender": "2", "person_id": "109"}, {"id": "Emma Watson", "gender": "1", "person_id": "10990"}, {"id": "Eugene Levy", "gender": "2", "person_id": "26510"}, {"id": "George Takei", "gender": "0", "person_id": "1752"}, {"id": "Hugh Jackman", "gender": "2", "person_id": "6968"}, {"id": "Ian McKellen", "gender": "2", "person_id": "1327"}, {"id": "Jack Angel", "gender": "2", "person_id": "19545"}, {"id": "James Doohan", "gender": "2", "person_id": "1751"}, {"id": "James Phelps", "gender": "2", "person_id": "96851"}, {"id": "John Cygan", "gender": "0", "person_id": "167295"}, {"id": "John Ratzenberger", "gender": "2", "person_id": "7907"}, {"id": "John Travolta", "gender": "2", "person_id": "8891"}, {"id": "Johnny Depp", "gender": "2", "person_id": "85"}, {"id": "Kevin James", "gender": "2", "person_id": "32895"}, {"id": "Kristen Wiig", "gender": "1", "person_id": "41091"}, {"id": "Laraine Newman", "gender": "1", "person_id": "35159"}, {"id": "Leonard Nimoy", "gender": "2", "person_id": "1749"}, {"id": "Lois Maxwell", "gender": "1", "person_id": "9878"}, {"id": "Maggie Smith", "gender": "1", "person_id": "10978"}, {"id": "Matthew Lewis", "gender": "2", "person_id": "96841"}, {"id": "Mona Marshall", "gender": "0", "person_id": "111466"}, {"id": "Nick Swardson", "gender": "2", "person_id": "32907"}, {"id": "Oliver Phelps", "gender": "2", "person_id": "140368"}, {"id": "Paul Bettany", "gender": "2", "person_id": "6162"}, {"id": "Robbie Coltrane", "gender": "2", "person_id": "1923"}, {"id": "Robert De Niro", "gender": "2", "person_id": "380"}, {"id": "Robert Downey Jr.", "gender": "2", "person_id": "3223"}, {"id": "Roger Moore", "gender": "2", "person_id": "10222"}, {"id": "Rupert Grint", "gender": "2", "person_id": "10989"}, {"id": "Samuel L. Jackson", "gender": "2", "person_id": "2231"}, {"id": "Sean Connery", "gender": "2", "person_id": "738"}, {"id": "Sherry Lynn", "gender": "0", "person_id": "214701"}, {"id": "Tobin Bell", "gender": "2", "person_id": "2144"}, {"id": "Tom Felton", "gender": "2", "person_id": "10993"}, {"id": "Tom McGrath", "gender": "2", "person_id": "18864"}, {"id": "Walter Koenig", "gender": "2", "person_id": "1754"}, {"id": "William Shatner", "gender": "2", "person_id": "1748"}, {"id": "Jackie Sandler", "gender": "1", "person_id": "60959"}, {"id": "Jonathan Loughran", "gender": "0", "person_id": "58477"}, {"id": "Peter Dante", "gender": "2", "person_id": "20819"}, {"id": "Rob Schneider", "gender": "2", "person_id": "60949"}, {"id": "Robert Smigel", "gender": "2", "person_id": "53684"}, {"id": "Sadie Sandler", "gender": "0", "person_id": "1202534"}, {"id": "Steve Buscemi", "gender": "2", "person_id": "884"}, {"id": "Alfie Enoch", "gender": "0", "person_id": "234923"}, {"id": "Bonnie Wright", "gender": "1", "person_id": "10991"}, {"id": "Devon Murray", "gender": "2", "person_id": "234922"}, {"id": "Geraldine Somerville", "gender": "1", "person_id": "10988"}, {"id": "Jamie Waylett", "gender": "2", "person_id": "956224"}, {"id": "Josh Herdman", "gender": "2", "person_id": "11212"}, {"id": "Timothy Spall", "gender": "2", "person_id": "9191"}, {"id": "Warwick Davis", "gender": "2", "person_id": "11184"}, {"id": "Kenny Baker", "gender": "2", "person_id": "130"}, {"id": "Sven-Ole Thorsen", "gender": "2", "person_id": "20761"}, {"id": "Owen Wilson", "gender": "2", "person_id": "887"}, {"id": "Mickie McGowan", "gender": "0", "person_id": "84493"}, {"id": "Ted Raimi", "gender": "2", "person_id": "11769"}, {"id": "Danny Trejo", "gender": "2", "person_id": "11160"}, {"id": "Stan Lee", "gender": "2", "person_id": "7624"}, {"id": "Jon Lovitz", "gender": "2", "person_id": "16165"}, {"id": "Nichelle Nichols", "gender": "1", "person_id": "1753"}, {"id": "Hugo Weaving", "gender": "2", "person_id": "1331"}, {"id": "Jennifer Coolidge", "gender": "1", "person_id": "38334"}, {"id": "Cate Blanchett", "gender": "1", "person_id": "112"}, {"id": "Christopher Lee", "gender": "2", "person_id": "113"}, {"id": "Nick Loren", "gender": "2", "person_id": "982098"}, {"id": "Helena Bonham Carter", "gender": "1", "person_id": "1283"}, {"id": "Bill Hader", "gender": "2", "person_id": "19278"}, {"id": "Jan Rabson", "gender": "2", "person_id": "157626"}, {"id": "Paul Herman", "gender": "2", "person_id": "58535"}, {"id": "Julie Walters", "gender": "1", "person_id": "477"}, {"id": "Shawnee Smith", "gender": "1", "person_id": "2138"}, {"id": "Mark Williams", "gender": "2", "person_id": "20999"}, {"id": "Chris Miller", "gender": "2", "person_id": "12098"}], "links": [{"source": "Adam Sandler", "target": "Allen Covert", "movie_id": [1824, 2022, 9032, 9614, 9678, 10202, 10663, 50546, 71880, 109418, 232672, 257344]}, {"source": "Adam Sandler", "target": "Dan Patrick", "movie_id": [9291, 10663, 38365, 50546, 87428, 109418, 232672, 257344, 347969]}, {"source": "Adam Sandler", "target": "David Spade", "movie_id": [38365, 71880, 76492, 109418, 159824, 347969]}, {"source": "Adam Sandler", "target": "Jackie Sandler", "movie_id": [1824, 9032, 9678, 10202, 38317, 38365, 50546, 76492, 109418, 232672, 257344]}, {"source": "Adam Sandler", "target": "Jonathan Loughran", "movie_id": [1824, 9032, 9678, 10202, 10663, 109418, 257344]}, {"source": "Adam Sandler", "target": "Kevin James", "movie_id": [1824, 10661, 38365, 76492, 109418, 159824, 257344]}, {"source": "Adam Sandler", "target": "Nick Swardson", "movie_id": [9339, 10202, 10661, 50546, 71880, 87428, 109418, 257344, 347969]}, {"source": "Adam Sandler", "target": "Peter Dante", "movie_id": [1824, 2022, 9032, 9678, 10663, 109418]}, {"source": "Adam Sandler", "target": "Rob Schneider", "movie_id": [1824, 9032, 9291, 9339, 10202, 10661, 10663, 38365, 347969]}, {"source": "Adam Sandler", "target": "Robert Smigel", "movie_id": [8051, 9614, 9678, 10661, 76492, 159824, 257344]}, {"source": "Adam Sandler", "target": "Sadie Sandler", "movie_id": [10202, 38365, 50546, 71880, 76492, 87428, 109418, 159824, 232672, 257344]}, {"source": "Adam Sandler", "target": "Steve Buscemi", "movie_id": [2022, 9032, 38365, 76492, 109418, 159824, 347969]}, {"source": "Alan Rickman", "target": "Alfie Enoch", "movie_id": [671, 672, 673, 674, 675, 767]}, {"source": "Alan Rickman", "target": "Bonnie Wright", "movie_id": [671, 672, 673, 674, 675, 767]}, {"source": "Alan Rickman", "target": "David Bradley", "movie_id": [671, 672, 673, 674, 675, 767]}, {"source": "Alan Rickman", "target": "Devon Murray", "movie_id": [671, 672, 673, 674, 675, 767]}, {"source": "Alan Rickman", "target": "Geraldine Somerville", "movie_id": [671, 672, 673, 674, 675, 767]}, {"source": "Alan Rickman", "target": "James Phelps", "movie_id": [671, 672, 673, 674, 675, 767]}, {"source": "Alan Rickman", "target": "Jamie Waylett", "movie_id": [671, 672, 673, 674, 675, 767]}, {"source": "Alan Rickman", "target": "Josh Herdman", "movie_id": [671, 672, 673, 674, 675, 767]}, {"source": "Alan Rickman", "target": "Matthew Lewis", "movie_id": [671, 672, 673, 674, 675, 767]}, {"source": "Alan Rickman", "target": "Oliver Phelps", "movie_id": [671, 672, 673, 674, 675, 767]}, {"source": "Alan Rickman", "target": "Timothy Spall", "movie_id": [673, 674, 675, 767, 12155, 241259]}, {"source": "Alan Rickman", "target": "Warwick Davis", "movie_id": [671, 672, 673, 674, 675, 767, 7453]}, {"source": "Allen Covert", "target": "Jackie Sandler", "movie_id": [1824, 9032, 9678, 10202, 14560, 50546, 109418, 232672]}, {"source": "Allen Covert", "target": "Jonathan Loughran", "movie_id": [1824, 9032, 9678, 10202, 109418, 257344]}, {"source": "Allen Covert", "target": "Peter Dante", "movie_id": [1824, 2022, 9032, 9678, 9900, 14220]}, {"source": "Allen Covert", "target": "Sadie Sandler", "movie_id": [10202, 50546, 71880, 109418, 232672, 257344]}, {"source": "Anthony Daniels", "target": "Kenny Baker", "movie_id": [11, 1891, 1892, 1893, 1894, 1895]}, {"source": "Arnold Schwarzenegger", "target": "Sven-Ole Thorsen", "movie_id": [106, 280, 865, 9387, 9493, 9610]}, {"source": "Ben Stiller", "target": "Owen Wilson", "movie_id": [693, 1593, 1597, 9384, 9398, 9428, 9894, 18360, 39451, 181533, 329833]}, {"source": "Bernard Lee", "target": "Desmond Llewelyn", "movie_id": [657, 658, 660, 667, 668, 681, 682, 691, 698]}, {"source": "Bernard Lee", "target": "Lois Maxwell", "movie_id": [253, 646, 657, 658, 660, 667, 681, 682, 691, 698]}, {"source": "Bob Bergen", "target": "Mickie McGowan", "movie_id": [585, 9016, 10386, 10681, 22794, 150540]}, {"source": "Bruce Campbell", "target": "Ted Raimi", "movie_id": [557, 558, 765, 766, 1961, 68728]}, {"source": "Cheech Marin", "target": "Danny Trejo", "movie_id": [755, 8068, 10054, 12279, 228326, 285923]}, {"source": "Chris Evans", "target": "Stan Lee", "movie_id": [1771, 1979, 24428, 99861, 100402, 271110]}, {"source": "Dan Patrick", "target": "Sadie Sandler", "movie_id": [38365, 50546, 87428, 109418, 232672, 257344]}, {"source": "Daniel Radcliffe", "target": "Alan Rickman", "movie_id": [671, 672, 673, 674, 675, 767]}, {"source": "Daniel Radcliffe", "target": "Alfie Enoch", "movie_id": [671, 672, 673, 674, 675, 767]}, {"source": "Daniel Radcliffe", "target": "Bonnie Wright", "movie_id": [671, 672, 673, 674, 675, 767]}, {"source": "Daniel Radcliffe", "target": "David Bradley", "movie_id": [671, 672, 673, 674, 675, 767]}, {"source": "Daniel Radcliffe", "target": "Devon Murray", "movie_id": [671, 672, 673, 674, 675, 767]}, {"source": "Daniel Radcliffe", "target": "Emma Watson", "movie_id": [671, 672, 673, 674, 675, 767]}, {"source": "Daniel Radcliffe", "target": "Geraldine Somerville", "movie_id": [671, 672, 673, 674, 675, 767]}, {"source": "Daniel Radcliffe", "target": "James Phelps", "movie_id": [671, 672, 673, 674, 675, 767]}, {"source": "Daniel Radcliffe", "target": "Jamie Waylett", "movie_id": [671, 672, 673, 674, 675, 767]}, {"source": "Daniel Radcliffe", "target": "Josh Herdman", "movie_id": [671, 672, 673, 674, 675, 767]}, {"source": "Daniel Radcliffe", "target": "Maggie Smith", "movie_id": [671, 672, 673, 674, 675, 767]}, {"source": "Daniel Radcliffe", "target": "Matthew Lewis", "movie_id": [671, 672, 673, 674, 675, 767]}, {"source": "Daniel Radcliffe", "target": "Oliver Phelps", "movie_id": [671, 672, 673, 674, 675, 767]}, {"source": "Daniel Radcliffe", "target": "Robbie Coltrane", "movie_id": [671, 672, 673, 674, 675, 767]}, {"source": "Daniel Radcliffe", "target": "Rupert Grint", "movie_id": [671, 672, 673, 674, 675, 767]}, {"source": "Daniel Radcliffe", "target": "Tom Felton", "movie_id": [671, 672, 673, 674, 675, 767]}, {"source": "Daniel Radcliffe", "target": "Warwick Davis", "movie_id": [671, 672, 673, 674, 675, 767]}, {"source": "David Bradley", "target": "Alfie Enoch", "movie_id": [671, 672, 673, 674, 675, 767]}, {"source": "David Bradley", "target": "Devon Murray", "movie_id": [671, 672, 673, 674, 675, 767]}, {"source": "David Bradley", "target": "Jamie Waylett", "movie_id": [671, 672, 673, 674, 675, 767]}, {"source": "David Spade", "target": "Jon Lovitz", "movie_id": [9957, 13778, 76492, 109418, 159824, 347969]}, {"source": "DeForest Kelley", "target": "George Takei", "movie_id": [152, 154, 157, 168, 172, 174, 15800]}, {"source": "DeForest Kelley", "target": "James Doohan", "movie_id": [152, 154, 157, 168, 172, 174]}, {"source": "DeForest Kelley", "target": "Nichelle Nichols", "movie_id": [152, 154, 157, 168, 172, 174]}, {"source": "DeForest Kelley", "target": "Walter Koenig", "movie_id": [152, 154, 157, 168, 172, 174]}, {"source": "Desmond Llewelyn", "target": "Lois Maxwell", "movie_id": [660, 681, 691, 698, 700, 707]}, {"source": "Elijah Wood", "target": "Hugo Weaving", "movie_id": [120, 121, 122, 9836, 49051, 65759]}, {"source": "Emma Watson", "target": "Alan Rickman", "movie_id": [671, 672, 673, 674, 675, 767]}, {"source": "Emma Watson", "target": "Alfie Enoch", "movie_id": [671, 672, 673, 674, 675, 767]}, {"source": "Emma Watson", "target": "Bonnie Wright", "movie_id": [671, 672, 673, 674, 675, 767]}, {"source": "Emma Watson", "target": "David Bradley", "movie_id": [671, 672, 673, 674, 675, 767]}, {"source": "Emma Watson", "target": "Devon Murray", "movie_id": [671, 672, 673, 674, 675, 767]}, {"source": "Emma Watson", "target": "Geraldine Somerville", "movie_id": [671, 672, 673, 674, 675, 767, 75900]}, {"source": "Emma Watson", "target": "James Phelps", "movie_id": [671, 672, 673, 674, 675, 767]}, {"source": "Emma Watson", "target": "Jamie Waylett", "movie_id": [671, 672, 673, 674, 675, 767]}, {"source": "Emma Watson", "target": "Josh Herdman", "movie_id": [671, 672, 673, 674, 675, 767]}, {"source": "Emma Watson", "target": "Maggie Smith", "movie_id": [671, 672, 673, 674, 675, 767]}, {"source": "Emma Watson", "target": "Matthew Lewis", "movie_id": [671, 672, 673, 674, 675, 767]}, {"source": "Emma Watson", "target": "Oliver Phelps", "movie_id": [671, 672, 673, 674, 675, 767]}, {"source": "Emma Watson", "target": "Robbie Coltrane", "movie_id": [671, 672, 673, 674, 675, 767, 10199]}, {"source": "Emma Watson", "target": "Tom Felton", "movie_id": [671, 672, 673, 674, 675, 767]}, {"source": "Emma Watson", "target": "Warwick Davis", "movie_id": [671, 672, 673, 674, 675, 767]}, {"source": "Eugene Levy", "target": "Jennifer Coolidge", "movie_id": [2105, 2770, 8273, 13370, 13785, 14799, 16300]}, {"source": "George Takei", "target": "Nichelle Nichols", "movie_id": [152, 154, 157, 168, 172, 174]}, {"source": "George Takei", "target": "Walter Koenig", "movie_id": [152, 154, 157, 168, 172, 174]}, {"source": "Hugh Jackman", "target": "Ian McKellen", "movie_id": [11619, 36657, 36658, 36668, 76170, 127585]}, {"source": "Ian McKellen", "target": "Cate Blanchett", "movie_id": [120, 121, 122, 49051, 57158, 122917]}, {"source": "Ian McKellen", "target": "Christopher Lee", "movie_id": [120, 121, 122, 2268, 49051, 122917]}, {"source": "Jack Angel", "target": "Mickie McGowan", "movie_id": [585, 812, 9016, 10193, 10386, 93456]}, {"source": "Jack Angel", "target": "Sherry Lynn", "movie_id": [585, 812, 9016, 10193, 10386, 93456]}, {"source": "James Doohan", "target": "George Takei", "movie_id": [152, 154, 157, 168, 172, 174, 15800]}, {"source": "James Doohan", "target": "Nichelle Nichols", "movie_id": [152, 154, 157, 168, 172, 174]}, {"source": "James Doohan", "target": "Walter Koenig", "movie_id": [152, 154, 157, 168, 172, 174, 193]}, {"source": "James Phelps", "target": "Alfie Enoch", "movie_id": [671, 672, 673, 674, 675, 767]}, {"source": "James Phelps", "target": "Devon Murray", "movie_id": [671, 672, 673, 674, 675, 767]}, {"source": "James Phelps", "target": "Jamie Waylett", "movie_id": [671, 672, 673, 674, 675, 767]}, {"source": "John Cygan", "target": "Mickie McGowan", "movie_id": [9016, 10193, 10681, 22794, 93456, 150540]}, {"source": "John Cygan", "target": "Sherry Lynn", "movie_id": [9016, 10193, 10681, 22794, 93456, 150540]}, {"source": "John Ratzenberger", "target": "Mickie McGowan", "movie_id": [585, 863, 10193, 10681, 14160, 150540]}, {"source": "John Travolta", "target": "Nick Loren", "movie_id": [2976, 4551, 9705, 10782, 26389, 334527]}, {"source": "Johnny Depp", "target": "Helena Bonham Carter", "movie_id": [118, 3933, 12155, 57201, 62213, 241259]}, {"source": "Kevin James", "target": "Jackie Sandler", "movie_id": [14560, 38317, 38365, 76492, 109418, 256961, 257344]}, {"source": "Kristen Wiig", "target": "Bill Hader", "movie_id": [4964, 8355, 10071, 16614, 39513, 223702, 244772]}, {"source": "Laraine Newman", "target": "Jan Rabson", "movie_id": [585, 10681, 22794, 93456, 150540, 328111]}, {"source": "Leonard Nimoy", "target": "DeForest Kelley", "movie_id": [152, 154, 157, 168, 172, 174]}, {"source": "Leonard Nimoy", "target": "George Takei", "movie_id": [152, 154, 157, 168, 172, 174, 15800]}, {"source": "Leonard Nimoy", "target": "James Doohan", "movie_id": [152, 154, 157, 168, 172, 174]}, {"source": "Leonard Nimoy", "target": "Nichelle Nichols", "movie_id": [152, 154, 157, 168, 172, 174]}, {"source": "Leonard Nimoy", "target": "Walter Koenig", "movie_id": [152, 154, 157, 168, 172, 174]}, {"source": "Lois Maxwell", "target": "Desmond Llewelyn", "movie_id": [657, 658, 667, 668, 682, 699]}, {"source": "Maggie Smith", "target": "Alfie Enoch", "movie_id": [671, 672, 673, 674, 675, 767]}, {"source": "Maggie Smith", "target": "Bonnie Wright", "movie_id": [671, 672, 673, 674, 675, 767]}, {"source": "Maggie Smith", "target": "David Bradley", "movie_id": [671, 672, 673, 674, 675, 767]}, {"source": "Maggie Smith", "target": "Devon Murray", "movie_id": [671, 672, 673, 674, 675, 767]}, {"source": "Maggie Smith", "target": "Geraldine Somerville", "movie_id": [671, 672, 673, 674, 675, 767, 5279]}, {"source": "Maggie Smith", "target": "James Phelps", "movie_id": [671, 672, 673, 674, 675, 767]}, {"source": "Maggie Smith", "target": "Jamie Waylett", "movie_id": [671, 672, 673, 674, 675, 767]}, {"source": "Maggie Smith", "target": "Matthew Lewis", "movie_id": [671, 672, 673, 674, 675, 767]}, {"source": "Maggie Smith", "target": "Oliver Phelps", "movie_id": [671, 672, 673, 674, 675, 767]}, {"source": "Maggie Smith", "target": "Warwick Davis", "movie_id": [671, 672, 673, 674, 675, 767]}, {"source": "Matthew Lewis", "target": "Alfie Enoch", "movie_id": [671, 672, 673, 674, 675, 767]}, {"source": "Matthew Lewis", "target": "Devon Murray", "movie_id": [671, 672, 673, 674, 675, 767]}, {"source": "Matthew Lewis", "target": "Jamie Waylett", "movie_id": [671, 672, 673, 674, 675, 767]}, {"source": "Matthew Lewis", "target": "Warwick Davis", "movie_id": [671, 672, 673, 674, 675, 767]}, {"source": "Mona Marshall", "target": "Laraine Newman", "movie_id": [585, 22794, 82690, 93456, 150540, 328111]}, {"source": "Nick Swardson", "target": "Sadie Sandler", "movie_id": [10202, 50546, 71880, 87428, 109418, 257344]}, {"source": "Oliver Phelps", "target": "Alfie Enoch", "movie_id": [671, 672, 673, 674, 675, 767]}, {"source": "Oliver Phelps", "target": "Devon Murray", "movie_id": [671, 672, 673, 674, 675, 767]}, {"source": "Oliver Phelps", "target": "Jamie Waylett", "movie_id": [671, 672, 673, 674, 675, 767]}, {"source": "Paul Bettany", "target": "Stan Lee", "movie_id": [1726, 10138, 24428, 68721, 99861, 271110]}, {"source": "Robbie Coltrane", "target": "Alfie Enoch", "movie_id": [671, 672, 673, 674, 675, 767]}, {"source": "Robbie Coltrane", "target": "Bonnie Wright", "movie_id": [671, 672, 673, 674, 675, 767]}, {"source": "Robbie Coltrane", "target": "David Bradley", "movie_id": [671, 672, 673, 674, 675, 767]}, {"source": "Robbie Coltrane", "target": "Devon Murray", "movie_id": [671, 672, 673, 674, 675, 767]}, {"source": "Robbie Coltrane", "target": "Geraldine Somerville", "movie_id": [671, 672, 673, 674, 675, 767]}, {"source": "Robbie Coltrane", "target": "James Phelps", "movie_id": [671, 672, 673, 674, 675, 767]}, {"source": "Robbie Coltrane", "target": "Jamie Waylett", "movie_id": [671, 672, 673, 674, 675, 767]}, {"source": "Robbie Coltrane", "target": "Josh Herdman", "movie_id": [671, 672, 673, 674, 675, 767]}, {"source": "Robbie Coltrane", "target": "Maggie Smith", "movie_id": [671, 672, 673, 674, 675, 767]}, {"source": "Robbie Coltrane", "target": "Matthew Lewis", "movie_id": [671, 672, 673, 674, 675, 767]}, {"source": "Robbie Coltrane", "target": "Oliver Phelps", "movie_id": [671, 672, 673, 674, 675, 767]}, {"source": "Robbie Coltrane", "target": "Warwick Davis", "movie_id": [671, 672, 673, 674, 675, 767]}, {"source": "Robert De Niro", "target": "Paul Herman", "movie_id": [311, 524, 769, 2749, 82693, 274479]}, {"source": "Robert Downey Jr.", "target": "Paul Bettany", "movie_id": [1726, 10138, 24428, 68721, 99861, 271110]}, {"source": "Robert Downey Jr.", "target": "Stan Lee", "movie_id": [1724, 1726, 10138, 24428, 68721, 99861, 271110]}, {"source": "Roger Moore", "target": "Desmond Llewelyn", "movie_id": [682, 691, 698, 699, 700, 707]}, {"source": "Roger Moore", "target": "Lois Maxwell", "movie_id": [253, 682, 691, 698, 699, 700, 707]}, {"source": "Rupert Grint", "target": "Alan Rickman", "movie_id": [671, 672, 673, 674, 675, 767]}, {"source": "Rupert Grint", "target": "Alfie Enoch", "movie_id": [671, 672, 673, 674, 675, 767]}, {"source": "Rupert Grint", "target": "Bonnie Wright", "movie_id": [671, 672, 673, 674, 675, 767]}, {"source": "Rupert Grint", "target": "David Bradley", "movie_id": [671, 672, 673, 674, 675, 767]}, {"source": "Rupert Grint", "target": "Devon Murray", "movie_id": [671, 672, 673, 674, 675, 767]}, {"source": "Rupert Grint", "target": "Emma Watson", "movie_id": [671, 672, 673, 674, 675, 767]}, {"source": "Rupert Grint", "target": "Geraldine Somerville", "movie_id": [671, 672, 673, 674, 675, 767]}, {"source": "Rupert Grint", "target": "James Phelps", "movie_id": [671, 672, 673, 674, 675, 767]}, {"source": "Rupert Grint", "target": "Jamie Waylett", "movie_id": [671, 672, 673, 674, 675, 767]}, {"source": "Rupert Grint", "target": "Josh Herdman", "movie_id": [671, 672, 673, 674, 675, 767]}, {"source": "Rupert Grint", "target": "Julie Walters", "movie_id": [671, 672, 673, 675, 767, 11404]}, {"source": "Rupert Grint", "target": "Maggie Smith", "movie_id": [671, 672, 673, 674, 675, 767]}, {"source": "Rupert Grint", "target": "Matthew Lewis", "movie_id": [671, 672, 673, 674, 675, 767]}, {"source": "Rupert Grint", "target": "Oliver Phelps", "movie_id": [671, 672, 673, 674, 675, 767]}, {"source": "Rupert Grint", "target": "Robbie Coltrane", "movie_id": [671, 672, 673, 674, 675, 767]}, {"source": "Rupert Grint", "target": "Tom Felton", "movie_id": [671, 672, 673, 674, 675, 767]}, {"source": "Rupert Grint", "target": "Warwick Davis", "movie_id": [671, 672, 673, 674, 675, 767]}, {"source": "Samuel L. Jackson", "target": "Stan Lee", "movie_id": [1726, 1771, 10138, 24428, 99861, 100402]}, {"source": "Sean Connery", "target": "Bernard Lee", "movie_id": [646, 657, 658, 660, 667, 681]}, {"source": "Sean Connery", "target": "Lois Maxwell", "movie_id": [646, 657, 658, 660, 667, 681]}, {"source": "Sherry Lynn", "target": "Mickie McGowan", "movie_id": [585, 812, 9016, 10386, 10681, 22794, 150540]}, {"source": "Tobin Bell", "target": "Shawnee Smith", "movie_id": [176, 214, 215, 663, 11917, 22804]}, {"source": "Tom Felton", "target": "Alfie Enoch", "movie_id": [671, 672, 673, 674, 675, 767]}, {"source": "Tom Felton", "target": "Bonnie Wright", "movie_id": [671, 672, 673, 674, 675, 767]}, {"source": "Tom Felton", "target": "David Bradley", "movie_id": [671, 672, 673, 674, 675, 767]}, {"source": "Tom Felton", "target": "Devon Murray", "movie_id": [671, 672, 673, 674, 675, 767]}, {"source": "Tom Felton", "target": "James Phelps", "movie_id": [671, 672, 673, 674, 675, 767]}, {"source": "Tom Felton", "target": "Jamie Waylett", "movie_id": [671, 672, 673, 674, 675, 767]}, {"source": "Tom Felton", "target": "Mark Williams", "movie_id": [672, 673, 674, 675, 767, 9449]}, {"source": "Tom Felton", "target": "Oliver Phelps", "movie_id": [671, 672, 673, 674, 675, 767]}, {"source": "Tom Felton", "target": "Warwick Davis", "movie_id": [671, 672, 673, 674, 675, 767]}, {"source": "Tom McGrath", "target": "Chris Miller", "movie_id": [810, 953, 10527, 15512, 270946, 417859]}, {"source": "Walter Koenig", "target": "Nichelle Nichols", "movie_id": [152, 154, 157, 168, 172, 174]}, {"source": "William Shatner", "target": "DeForest Kelley", "movie_id": [152, 154, 157, 168, 172, 174]}, {"source": "William Shatner", "target": "George Takei", "movie_id": [152, 154, 157, 168, 172, 174, 15800]}, {"source": "William Shatner", "target": "James Doohan", "movie_id": [152, 154, 157, 168, 172, 174, 193, 9644]}, {"source": "William Shatner", "target": "Leonard Nimoy", "movie_id": [152, 154, 157, 168, 172, 174]}, {"source": "William Shatner", "target": "Nichelle Nichols", "movie_id": [152, 154, 157, 168, 172, 174]}, {"source": "William Shatner", "target": "Walter Koenig", "movie_id": [152, 154, 157, 168, 172, 174, 193]}], "movies_info": [{"movie_id": 99861, "genres": ["Action", "Adventure", "Science Fiction"], "homepage": "http://marvel.com/movies/movie/193/avengers_age_of_ultron", "title": "Avengers: Age of Ultron", "popularity": 134.27922900000002, "release_date": "2015-04-22", "vote_average": 7.3, "production_companies": ["Marvel Studios", "Prime Focus", "Revolution Sun Studios"], "overview": "When Tony Stark tries to jumpstart a dormant peacekeeping program, things go awry and Earth\u2019s Mightiest Heroes are put to the ultimate test as the fate of the planet hangs in the balance. As the villainous Ultron emerges, it is up to The Avengers to stop him from enacting his terrible plans, and soon uneasy alliances and unexpected action pave the way for an epic and unique global adventure.", "revenue": 1405403694, "budget": 280000000}, {"movie_id": 767, "genres": ["Adventure", "Fantasy", "Family"], "homepage": "http://harrypotter.warnerbros.com/harrypotterandthehalf-bloodprince/dvd/index.html", "title": "Harry Potter and the Half-Blood Prince", "popularity": 98.885637, "release_date": "2009-07-07", "vote_average": 7.4, "production_companies": ["Warner Bros.", "Heyday Films"], "overview": "As Harry begins his sixth year at Hogwarts, he discovers an old book marked as 'Property of the Half-Blood Prince', and begins to learn more about Lord Voldemort's dark past.", "revenue": 933959197, "budget": 250000000}, {"movie_id": 57201, "genres": ["Action", "Adventure", "Western"], "homepage": "http://disney.go.com/the-lone-ranger/", "title": "The Lone Ranger", "popularity": 49.046956, "release_date": "2013-07-03", "vote_average": 5.9, "production_companies": ["Walt Disney Pictures", "Jerry Bruckheimer Films", "Infinitum Nihil", "Silver Bullet Productions (II)", "Blind Wink Productions", "Classic Media"], "overview": "The Texas Rangers chase down a gang of outlaws led by Butch Cavendish, but the gang ambushes the Rangers, seemingly killing them all. One survivor is found, however, by an American Indian named Tonto, who nurses him back to health. The Ranger, donning a mask and riding a white stallion named Silver, teams up with Tonto to bring the unscrupulous gang and others of that ilk to justice.", "revenue": 89289910, "budget": 255000000}, {"movie_id": 24428, "genres": ["Science Fiction", "Action", "Adventure"], "homepage": "http://marvel.com/avengers_movie/", "title": "The Avengers", "popularity": 144.448633, "release_date": "2012-04-25", "vote_average": 7.4, "production_companies": ["Paramount Pictures", "Marvel Studios"], "overview": "When an unexpected enemy emerges and threatens global safety and security, Nick Fury, director of the international peacekeeping agency known as S.H.I.E.L.D., finds himself in need of a team to pull the world back from the brink of disaster. Spanning the globe, a daring recruitment effort begins!", "revenue": 1519557910, "budget": 220000000}, {"movie_id": 122917, "genres": ["Action", "Adventure", "Fantasy"], "homepage": "http://www.thehobbit.com/", "title": "The Hobbit: The Battle of the Five Armies", "popularity": 120.96574299999999, "release_date": "2014-12-10", "vote_average": 7.1, "production_companies": ["WingNut Films", "New Line Cinema", "Warner Bros. Pictures", "3Foot7", "Metro-Goldwyn-Mayer (MGM)"], "overview": "Immediately after the events of The Desolation of Smaug, Bilbo and the dwarves try to defend Erebor's mountain of treasure from others who claim it: the men of the ruined Laketown and the elves of Mirkwood. Meanwhile an army of Orcs led by Azog the Defiler is marching on Erebor, fueled by the rise of the dark lord Sauron. Dwarves, elves and men must unite, and the hope for Middle-Earth falls into Bilbo's hands.", "revenue": 956019788, "budget": 250000000}, {"movie_id": 57158, "genres": ["Adventure", "Fantasy"], "homepage": "http://www.thehobbit.com/", "title": "The Hobbit: The Desolation of Smaug", "popularity": 94.370564, "release_date": "2013-12-11", "vote_average": 7.6, "production_companies": ["WingNut Films", "New Line Cinema", "Warner Bros. Pictures", "Metro-Goldwyn-Mayer (MGM)"], "overview": "The Dwarves, Bilbo and Gandalf have successfully escaped the Misty Mountains, and Bilbo has gained the One Ring. They all continue their journey to get their gold back from the Dragon, Smaug.", "revenue": 958400000, "budget": 250000000}, {"movie_id": 2268, "genres": ["Adventure", "Fantasy"], "homepage": "http://www.goldencompassmovie.com/index_german.html", "title": "The Golden Compass", "popularity": 42.990906, "release_date": "2007-12-04", "vote_average": 5.8, "production_companies": ["New Line Cinema", "Ingenious Film Partners", "Depth of Field", "Scholastic Productions"], "overview": "After overhearing a shocking secret, precocious orphan Lyra Belacqua trades her carefree existence roaming the halls of Jordan College for an otherworldly adventure in the far North, unaware that it's part of her destiny.", "revenue": 372234864, "budget": 180000000}, {"movie_id": 271110, "genres": ["Adventure", "Action", "Science Fiction"], "homepage": "http://marvel.com/captainamericapremiere", "title": "Captain America: Civil War", "popularity": 198.37239499999998, "release_date": "2016-04-27", "vote_average": 7.1, "production_companies": ["Studio Babelsberg", "Marvel Studios", "Walt Disney Studios Motion Pictures", "Vita-Ray Dutch Productions (III)", "Deluxe Digital Studios"], "overview": "Following the events of Age of Ultron, the collective governments of the world pass an act designed to regulate all superhuman activity. This polarizes opinion amongst the Avengers, causing two factions to side with Iron Man or Captain America, which causes an epic battle between former allies.", "revenue": 1153304495, "budget": 250000000}, {"movie_id": 558, "genres": ["Action", "Adventure", "Fantasy"], "homepage": "http://www.sonypictures.com/movies/spider-man2/", "title": "Spider-Man 2", "popularity": 35.149586, "release_date": "2004-06-25", "vote_average": 6.7, "production_companies": ["Columbia Pictures", "Laura Ziskin Productions", "Marvel Enterprises"], "overview": "Peter Parker is going through a major identity crisis. Burned out from being Spider-Man, he decides to shelve his superhero alter ego, which leaves the city suffering in the wake of carnage left by the evil Doc Ock. In the meantime, Parker still can't act on his feelings for Mary Jane Watson, a girl he's loved since childhood.", "revenue": 783766341, "budget": 200000000}, {"movie_id": 68721, "genres": ["Action", "Adventure", "Science Fiction"], "homepage": "http://marvel.com/ironman3", "title": "Iron Man 3", "popularity": 77.68208, "release_date": "2013-04-18", "vote_average": 6.8, "production_companies": ["Marvel Studios"], "overview": "When Tony Stark's world is torn apart by a formidable terrorist called the Mandarin, he starts an odyssey of rebuilding and retribution.", "revenue": 1215439994, "budget": 200000000}, {"movie_id": 12155, "genres": ["Family", "Fantasy", "Adventure"], "homepage": "http://disney.go.com/wonderland/", "title": "Alice in Wonderland", "popularity": 78.530105, "release_date": "2010-03-03", "vote_average": 6.4, "production_companies": ["Walt Disney Pictures", "Team Todd", "Tim Burton Productions", "Roth Films", "Zanuck Company, The"], "overview": "Alice, an unpretentious and individual 19-year-old, is betrothed to a dunce of an English nobleman. At her engagement party, she escapes the crowd to consider whether to go through with the marriage and falls down a hole in the garden after spotting an unusual rabbit. Arriving in a strange and surreal place called 'Underland,' she finds herself in a world that resembles the nightmares she had as a child, filled with talking animals, villainous queens and knights, and frumious bandersnatches. Alice realizes that she is there for a reason \u2013 to conquer the horrific Jabberwocky and restore the rightful queen to her throne.", "revenue": 1025491110, "budget": 200000000}, {"movie_id": 36668, "genres": ["Adventure", "Action", "Science Fiction", "Thriller"], "homepage": "", "title": "X-Men: The Last Stand", "popularity": 3.857526, "release_date": "2006-05-24", "vote_average": 6.3, "production_companies": ["Ingenious Film Partners", "Twentieth Century Fox Film Corporation", "Donners' Company", "Dune Entertainment", "Major Studio Partners", "Bad Hat Harry Productions", "thinkfilm", "Marvel Enterprises", "X3 Canada Productions", "X3US Productions", "XM3 Service"], "overview": "When a cure is found to treat mutations, lines are drawn amongst the X-Men and The Brotherhood, a band of powerful mutants organized under Xavier's former ally, Magneto.", "revenue": 459359555, "budget": 210000000}, {"movie_id": 68728, "genres": ["Fantasy", "Adventure", "Family"], "homepage": "http://www.ozthegreatandpowerfulmovie.com", "title": "Oz: The Great and Powerful", "popularity": 46.985445, "release_date": "2013-03-07", "vote_average": 5.7, "production_companies": ["Walt Disney Pictures", "Roth Films"], "overview": "Oscar Diggs, a small-time circus illusionist and con-artist, is whisked from Kansas to the Land of Oz where the inhabitants assume he's the great wizard of prophecy, there to save Oz from the clutches of evil.", "revenue": 491868548, "budget": 200000000}, {"movie_id": 10193, "genres": ["Animation", "Family", "Comedy"], "homepage": "http://disney.go.com/toystory/", "title": "Toy Story 3", "popularity": 59.99541800000001, "release_date": "2010-06-16", "vote_average": 7.6, "production_companies": ["Walt Disney Pictures", "Pixar Animation Studios"], "overview": "Woody, Buzz, and the rest of Andy's toys haven't been played with in years. With Andy about to go to college, the gang find themselves accidentally left at a nefarious day care center. The toys must band together to escape and return home to Andy.", "revenue": 1066969703, "budget": 200000000}, {"movie_id": 127585, "genres": ["Action", "Adventure", "Fantasy", "Science Fiction"], "homepage": "http://www.x-menmovies.com/", "title": "X-Men: Days of Future Past", "popularity": 118.07869099999999, "release_date": "2014-05-15", "vote_average": 7.5, "production_companies": ["Twentieth Century Fox Film Corporation", "Donners' Company", "Marvel Entertainment", "Bad Hat Harry Productions", "TSG Entertainment", "Down Productions", "Revolution Sun Studios"], "overview": "The ultimate X-Men ensemble fights a war for the survival of the species across two time periods as they join forces with their younger selves in an epic battle that must change the past \u2013 to save our future.", "revenue": 747862775, "budget": 250000000}, {"movie_id": 10681, "genres": ["Animation", "Family"], "homepage": "http://disney.go.com/disneypictures/wall-e/", "title": "WALL\u00b7E", "popularity": 66.390712, "release_date": "2008-06-22", "vote_average": 7.8, "production_companies": ["Walt Disney Pictures", "Pixar Animation Studios", "FortyFour Studios"], "overview": "WALL\u00b7E is the last robot left on an Earth that has been overrun with garbage and all humans have fled to outer space. For 700 years he has continued to try and clean up the mess, but has developed some rather interesting human-like qualities. When a ship arrives with a sleek new type of robot, WALL\u00b7E thinks he's finally found a friend and stows away on the ship when it leaves.", "revenue": 521311860, "budget": 180000000}, {"movie_id": 14160, "genres": ["Animation", "Comedy", "Family", "Adventure"], "homepage": "http://disney.go.com/disneypictures/up/", "title": "Up", "popularity": 92.201962, "release_date": "2009-05-13", "vote_average": 7.7, "production_companies": ["Pixar Animation Studios"], "overview": "Carl Fredricksen spent his entire life dreaming of exploring the globe and experiencing life to its fullest. But at age 78, life seems to have passed him by, until a twist of fate (and a persistent 8-year old Wilderness Explorer named Russell) gives him a new lease on life.", "revenue": 735099082, "budget": 175000000}, {"movie_id": 15512, "genres": ["Animation", "Family", "Adventure", "Science Fiction"], "homepage": "http://www.monstersvsaliens.com/", "title": "Monsters vs Aliens", "popularity": 36.167578000000006, "release_date": "2009-03-19", "vote_average": 6.0, "production_companies": ["DreamWorks Animation"], "overview": "When Susan Murphy is unwittingly clobbered by a meteor full of outer space gunk on her wedding day, she mysteriously grows to 49-feet-11-inches. The military jumps into action and captures Susan, secreting her away to a covert government compound. She is renamed Ginormica and placed in confinement with a ragtag group of Monsters...", "revenue": 381509870, "budget": 175000000}, {"movie_id": 1726, "genres": ["Action", "Science Fiction", "Adventure"], "homepage": "http://www.ironmanmovie.com/", "title": "Iron Man", "popularity": 120.725053, "release_date": "2008-04-30", "vote_average": 7.4, "production_companies": ["Marvel Studios"], "overview": "After being held captive in an Afghan cave, billionaire engineer Tony Stark creates a unique weaponized suit of armor to fight evil.", "revenue": 585174222, "budget": 140000000}, {"movie_id": 150540, "genres": ["Drama", "Comedy", "Animation", "Family"], "homepage": "http://movies.disney.com/inside-out", "title": "Inside Out", "popularity": 128.65596399999998, "release_date": "2015-06-09", "vote_average": 8.0, "production_companies": ["Walt Disney Pictures", "Pixar Animation Studios"], "overview": "Growing up can be a bumpy road, and it's no exception for Riley, who is uprooted from her Midwest life when her father starts a new job in San Francisco. Like all of us, Riley is guided by her emotions - Joy, Fear, Anger, Disgust and Sadness. The emotions live in Headquarters, the control center inside Riley's mind, where they help advise her through everyday life. As Riley and her emotions struggle to adjust to a new life in San Francisco, turmoil ensues in Headquarters. Although Joy, Riley's main and most important emotion, tries to keep things positive, the emotions conflict on how best to navigate a new city, house and school.", "revenue": 857611174, "budget": 175000000}, {"movie_id": 10138, "genres": ["Adventure", "Action", "Science Fiction"], "homepage": "http://www.ironmanmovie.com/", "title": "Iron Man 2", "popularity": 77.30019399999999, "release_date": "2010-04-28", "vote_average": 6.6, "production_companies": ["Marvel Studios"], "overview": "With the world now aware of his dual life as the armored superhero Iron Man, billionaire inventor Tony Stark faces pressure from the government, the press and the public to share his technology with the military. Unwilling to let go of his invention, Stark, with Pepper Potts and James 'Rhodey' Rhodes at his side, must forge new alliances \u2013 and confront powerful enemies.", "revenue": 623933331, "budget": 200000000}, {"movie_id": 100402, "genres": ["Action", "Adventure", "Science Fiction"], "homepage": "http://www.captainamericathewintersoldiermovie.com", "title": "Captain America: The Winter Soldier", "popularity": 72.22526500000001, "release_date": "2014-03-20", "vote_average": 7.6, "production_companies": ["Marvel Studios"], "overview": "After the cataclysmic events in New York with The Avengers, Steve Rogers, aka Captain America is living quietly in Washington, D.C. and trying to adjust to the modern world. But when a S.H.I.E.L.D. colleague comes under attack, Steve becomes embroiled in a web of intrigue that threatens to put the world at risk. Joining forces with the Black Widow, Captain America struggles to expose the ever-widening conspiracy while fighting off professional assassins sent to silence him at every turn. When the full scope of the villainous plot is revealed, Captain America and the Black Widow enlist the help of a new ally, the Falcon. However, they soon find themselves up against an unexpected and formidable enemy\u2014the Winter Soldier.", "revenue": 714766572, "budget": 170000000}, {"movie_id": 82690, "genres": ["Family", "Animation", "Comedy", "Adventure"], "homepage": "http://disney.go.com/wreck-it-ralph", "title": "Wreck-It Ralph", "popularity": 62.341073, "release_date": "2012-11-01", "vote_average": 7.1, "production_companies": ["Walt Disney Animation Studios"], "overview": "Wreck-It Ralph is the 9-foot-tall, 643-pound villain of an arcade video game named Fix-It Felix Jr., in which the game's titular hero fixes buildings that Ralph destroys. Wanting to prove he can be a good guy and not just a villain, Ralph escapes his game and lands in Hero's Duty, a first-person shooter where he helps the game's hero battle against alien invaders. He later enters Sugar Rush, a kart racing game set on tracks made of candies, cookies and other sweets. There, Ralph meets Vanellope von Schweetz who has learned that her game is faced with a dire threat that could affect the entire arcade, and one that Ralph may have inadvertently started.", "revenue": 471222889, "budget": 165000000}, {"movie_id": 49051, "genres": ["Adventure", "Fantasy", "Action"], "homepage": "http://www.thehobbit.com/", "title": "The Hobbit: An Unexpected Journey", "popularity": 108.849621, "release_date": "2012-11-26", "vote_average": 7.0, "production_companies": ["WingNut Films", "New Line Cinema", "Warner Bros. Pictures", "Metro-Goldwyn-Mayer (MGM)"], "overview": "Bilbo Baggins, a hobbit enjoying his quiet life, is swept into an epic quest by Gandalf the Grey and thirteen dwarves who seek to reclaim their mountain home from Smaug, the dragon.", "revenue": 1021103568, "budget": 250000000}, {"movie_id": 241259, "genres": ["Fantasy"], "homepage": "http://movies.disney.com/alice-through-the-looking-glass", "title": "Alice Through the Looking Glass", "popularity": 56.268916000000004, "release_date": "2016-05-25", "vote_average": 6.5, "production_companies": ["Walt Disney Pictures", "Team Todd", "Tim Burton Productions", "Roth Films", "Legend3D"], "overview": "In the sequel to Tim Burton's \"Alice in Wonderland\", Alice Kingsleigh returns to Underland and faces a new adventure in saving the Mad Hatter.", "revenue": 299370084, "budget": 170000000}, {"movie_id": 810, "genres": ["Fantasy", "Adventure", "Animation", "Comedy", "Family"], "homepage": "http://www.shrekthethird.com/flash/index.html", "title": "Shrek the Third", "popularity": 42.986467, "release_date": "2007-05-17", "vote_average": 6.0, "production_companies": ["DreamWorks SKG", "DreamWorks Animation"], "overview": "The King of Far Far Away has died and Shrek and Fiona are to become King &amp; Queen. However, Shrek wants to return to his cozy swamp and live in peace and quiet, so when he finds out there is another heir to the throne, they set off to bring him back to rule the kingdom.", "revenue": 798958165, "budget": 160000000}, {"movie_id": 675, "genres": ["Adventure", "Fantasy", "Family", "Mystery"], "homepage": "http://www.harrypotterorderofthephoenix.com/", "title": "Harry Potter and the Order of the Phoenix", "popularity": 78.14439499999999, "release_date": "2007-06-28", "vote_average": 7.4, "production_companies": ["Warner Bros.", "Heyday Films"], "overview": "Returning for his fifth year of study at Hogwarts, Harry is stunned to find that his warnings about the return of Lord Voldemort have been ignored. Left with no choice, Harry takes matters into his own hands, training a small group of students \u2013 dubbed 'Dumbledore's Army' \u2013 to defend themselves against the dark arts.", "revenue": 938212738, "budget": 150000000}, {"movie_id": 674, "genres": ["Adventure", "Fantasy", "Family"], "homepage": "http://harrypotter.warnerbros.com/", "title": "Harry Potter and the Goblet of Fire", "popularity": 101.250416, "release_date": "2005-11-05", "vote_average": 7.5, "production_companies": ["Patalex IV Productions Limited", "Warner Bros.", "Heyday Films"], "overview": "Harry starts his fourth year at Hogwarts, competes in the treacherous Triwizard Tournament and faces the evil Lord Voldemort. Ron and Hermione help Harry manage the pressure \u2013 but Voldemort lurks, awaiting his chance to destroy Harry and all that he stands for.", "revenue": 895921036, "budget": 150000000}, {"movie_id": 118, "genres": ["Adventure", "Comedy", "Family", "Fantasy"], "homepage": "https://www.warnerbros.com/charlie-and-chocolate-factory", "title": "Charlie and the Chocolate Factory", "popularity": 53.905592000000006, "release_date": "2005-07-13", "vote_average": 6.7, "production_companies": ["Village Roadshow Pictures", "The Zanuck Company", "Warner Bros.", "Tim Burton Productions", "Plan B Entertainment", "Theobald Film Productions"], "overview": "A young boy wins a tour through the most magnificent chocolate factory in the world, led by the world's most unusual candy maker.", "revenue": 474968763, "budget": 150000000}, {"movie_id": 10527, "genres": ["Family", "Animation"], "homepage": "http://www.madagascar-themovie.com", "title": "Madagascar: Escape 2 Africa", "popularity": 44.141021, "release_date": "2008-10-30", "vote_average": 6.2, "production_companies": ["DreamWorks Animation"], "overview": "Alex, Marty, Melman, Gloria, King Julien, Maurice, the penguins and the chimps are back and still marooned on Madagascar. In the face of this obstacle, the New Yorkers have hatched a plan so crazy it just might work. With military precision, the penguins have repaired an old crashed plane... sort of.", "revenue": 603900354, "budget": 150000000}, {"movie_id": 18360, "genres": ["Adventure", "Fantasy", "Action", "Comedy", "Family"], "homepage": "http://www.nightatthemuseummovie.com", "title": "Night at the Museum: Battle of the Smithsonian", "popularity": 81.781591, "release_date": "2009-05-20", "vote_average": 5.9, "production_companies": ["Twentieth Century Fox Film Corporation", "1492 Pictures", "Dune Entertainment", "21 Laps Entertainment", "Museum Canada Productions", "Moving Picture Company (MPC)"], "overview": "Hapless museum night watchman Larry Daley must help his living, breathing exhibit friends out of a pickle now that they've been transferred to the archives at the Smithsonian Institution. Larry's (mis)adventures this time include close encounters with Amelia Earhart, Abe Lincoln and Ivan the Terrible.", "revenue": 413106170, "budget": 150000000}, {"movie_id": 62213, "genres": ["Comedy", "Fantasy"], "homepage": "http://darkshadowsmovie.warnerbros.com", "title": "Dark Shadows", "popularity": 50.306728, "release_date": "2012-05-08", "vote_average": 5.7, "production_companies": ["Village Roadshow Pictures", "Infinitum Nihil", "GK Films", "Warner Bros.", "Tim Burton Productions", "Dan Curtis Productions", "Zanuck Company, The"], "overview": "Vampire Barnabas Collins is inadvertently freed from his tomb and emerges into the very changed world of 1972. He returns to Collinwood Manor to find that his once-grand estate and family have fallen into ruin.", "revenue": 245527149, "budget": 150000000}, {"movie_id": 11619, "genres": ["Adventure", "Animation", "Comedy", "Family"], "homepage": "http://www.dreamworksanimation.com/flushed/", "title": "Flushed Away", "popularity": 22.550135, "release_date": "2006-10-22", "vote_average": 6.0, "production_companies": ["Aardman Animations", "DreamWorks Animation"], "overview": "London high-society mouse, Roddy is flushed down the toilet by Sid, a common sewer rat. Hang on for a madcap adventure deep in the sewer bowels of Ratropolis, where Roddy meets the resourceful Rita, the rodent-hating Toad and his faithful thugs, Spike and Whitey.", "revenue": 64459316, "budget": 149000000}, {"movie_id": 557, "genres": ["Fantasy", "Action"], "homepage": "http://www.sonypictures.com/movies/spider-man/", "title": "Spider-Man", "popularity": 82.502566, "release_date": "2002-05-01", "vote_average": 6.8, "production_companies": ["Columbia Pictures", "Marvel Enterprises"], "overview": "After being bitten by a genetically altered spider, nerdy high school student Peter Parker is endowed with amazing powers.", "revenue": 821708551, "budget": 139000000}, {"movie_id": 1771, "genres": ["Action", "Adventure", "Science Fiction"], "homepage": "http://captainamerica.marvel.com/", "title": "Captain America: The First Avenger", "popularity": 74.50624599999999, "release_date": "2011-07-22", "vote_average": 6.6, "production_companies": ["Marvel Studios"], "overview": "Predominantly set during World War II, Steve Rogers is a sickly man from Brooklyn who's transformed into super-soldier Captain America to aid in the war effort. Rogers must stop the Red Skull \u2013 Adolf Hitler's ruthless head of weaponry, and the leader of an organization that intends to use a mysterious device of untold powers for world domination.", "revenue": 370569774, "budget": 140000000}, {"movie_id": 65759, "genres": ["Animation", "Comedy", "Family"], "homepage": "http://happyfeettwo.warnerbros.com/index.html", "title": "Happy Feet Two", "popularity": 17.7735, "release_date": "2011-11-17", "vote_average": 5.8, "production_companies": ["Village Roadshow Pictures", "Warner Bros.", "Dr D Studios", "Kennedy Miller Mitchell"], "overview": "Mumble the penguin has a problem: his son Erik, who is reluctant to dance, encounters The Mighty Sven, a penguin who can fly! Things get worse for Mumble when the world is shaken by powerful forces, causing him to brings together the penguin nations and their allies to set things right.", "revenue": 150406466, "budget": 130000000}, {"movie_id": 1724, "genres": ["Science Fiction", "Action", "Adventure"], "homepage": "", "title": "The Incredible Hulk", "popularity": 62.898336, "release_date": "2008-06-12", "vote_average": 6.1, "production_companies": ["Universal Pictures", "Marvel Studios", "Valhalla Motion Pictures", "MVL Incredible Productions"], "overview": "Scientist Bruce Banner scours the planet for an antidote to the unbridled force of rage within him: the Hulk. But when the military masterminds who dream of exploiting his powers force him back to civilization, he finds himself coming face to face with a new, deadly foe.", "revenue": 163712074, "budget": 150000000}, {"movie_id": 270946, "genres": ["Family", "Animation", "Adventure", "Comedy"], "homepage": "", "title": "Penguins of Madagascar", "popularity": 84.366984, "release_date": "2014-11-22", "vote_average": 6.5, "production_companies": ["DreamWorks Animation"], "overview": "Skipper, Kowalski, Rico and Private join forces with undercover organization The North Wind to stop the villainous Dr. Octavius Brine from destroying the world as we know it.", "revenue": 373552094, "budget": 132000000}, {"movie_id": 417859, "genres": ["Action", "Adventure", "Animation", "Family", "Fantasy"], "homepage": "", "title": "Puss in Boots", "popularity": 20.678787, "release_date": "2011-10-28", "vote_average": 6.4, "production_companies": ["DreamWorks"], "overview": "Long before he even met Shrek, the notorious fighter, lover and outlaw Puss in Boots becomes a hero when he sets off on an adventure with the tough and street smart Kitty Softpaws and the mastermind Humpty Dumpty to save his town. This is the true story of The Cat, The Myth, The Legend... The Boots.", "revenue": 554987477, "budget": 130000000}, {"movie_id": 673, "genres": ["Adventure", "Fantasy", "Family"], "homepage": "", "title": "Harry Potter and the Prisoner of Azkaban", "popularity": 79.679601, "release_date": "2004-05-31", "vote_average": 7.7, "production_companies": ["1492 Pictures", "Heyday films", "Warner Bros."], "overview": "Harry, Ron and Hermione return to Hogwarts for another magic-filled year. Harry comes face to face with danger yet again, this time in the form of escaped convict, Sirius Black \u2013 and turns to sympathetic Professor Lupin for help.", "revenue": 789804554, "budget": 130000000}, {"movie_id": 181533, "genres": ["Adventure", "Comedy", "Fantasy", "Family"], "homepage": "", "title": "Night at the Museum: Secret of the Tomb", "popularity": 115.597753, "release_date": "2014-12-17", "vote_average": 6.1, "production_companies": ["Twentieth Century Fox Film Corporation", "1492 Pictures", "21 Laps Entertainment", "Moving Picture Company (MPC)", "TSG Entertainment"], "overview": "When the magic powers of The Tablet of Ahkmenrah begin to die out, Larry Daley (Ben Stiller) spans the globe, uniting favorite and new characters while embarking on an epic quest to save the magic before it is gone forever.", "revenue": 349424282, "budget": 127000000}, {"movie_id": 671, "genres": ["Adventure", "Fantasy", "Family"], "homepage": "http://harrypotter.warnerbros.com/harrypotterandthedeathlyhallows/mainsite/index.html", "title": "Harry Potter and the Philosopher's Stone", "popularity": 109.984351, "release_date": "2001-11-16", "vote_average": 7.5, "production_companies": ["1492 Pictures", "Warner Bros.", "Heyday Films"], "overview": "Harry Potter has lived under the stairs at his aunt and uncle's house his whole life. But on his 11th birthday, he learns he's a powerful wizard -- with a place waiting for him at the Hogwarts School of Witchcraft and Wizardry. As he learns to harness his newfound powers with the help of the school's kindly headmaster, Harry uncovers the truth about his parents' deaths -- and about the villain who's to blame.", "revenue": 976475550, "budget": 125000000}, {"movie_id": 36658, "genres": ["Adventure", "Action", "Science Fiction", "Thriller"], "homepage": "", "title": "X2", "popularity": 2.871739, "release_date": "2003-04-24", "vote_average": 6.8, "production_companies": ["Twentieth Century Fox Film Corporation", "Donners' Company", "Bad Hat Harry Productions", "Marvel Enterprises", "XM2 Productions", "XF2 Canada Productions"], "overview": "Professor Charles Xavier and his team of genetically gifted superheroes face a rising tide of anti-mutant sentiment led by Col. William Stryker. Storm, Wolverine and Jean Grey must join their usual nemeses \u2013  Magneto and Mystique \u2013 to unhinge Stryker's scheme to exterminate all mutants.", "revenue": 407711549, "budget": 110000000}, {"movie_id": 1979, "genres": ["Adventure", "Fantasy", "Action", "Thriller"], "homepage": "", "title": "Fantastic 4: Rise of the Silver Surfer", "popularity": 60.810722999999996, "release_date": "2007-06-13", "vote_average": 5.4, "production_companies": ["Ingenious Film Partners", "Twentieth Century Fox Film Corporation", "1492 Pictures", "Dune Entertainment", "Constantin Film Produktion", "Bernd Eichinger Productions", "Marvel Enterprises"], "overview": "The Fantastic Four return to the big screen as a new and all powerful enemy threatens the Earth. The seemingly unstoppable 'Silver Surfer', but all is not what it seems and there are old and new enemies that pose a greater threat than the intrepid superheroes realize.", "revenue": 289047763, "budget": 130000000}, {"movie_id": 1895, "genres": ["Science Fiction", "Adventure", "Action"], "homepage": "http://www.starwars.com/films/star-wars-episode-iii-revenge-of-the-sith", "title": "Star Wars: Episode III - Revenge of the Sith", "popularity": 44.108427, "release_date": "2005-05-17", "vote_average": 7.1, "production_companies": ["Lucasfilm"], "overview": "Years after the onset of the Clone Wars, the noble Jedi Knights lead a massive clone army into a galaxy-wide battle against the Separatists. When the sinister Sith unveil a thousand-year-old plot to rule the galaxy, the Republic crumbles and from its ashes rises the evil Galactic Empire. Jedi hero Anakin Skywalker is seduced by the dark side of the Force to become the Emperor's new apprentice \u2013 Darth Vader. The Jedi are decimated, as Obi-Wan Kenobi and Jedi Master Yoda are forced into hiding. The only hope for the galaxy are Anakin's own offspring \u2013 the twin children born in secrecy who will grow up to become heroes.", "revenue": 850000000, "budget": 113000000}, {"movie_id": 1894, "genres": ["Adventure", "Action", "Science Fiction"], "homepage": "http://www.starwars.com/films/star-wars-episode-ii-attack-of-the-clones", "title": "Star Wars: Episode II - Attack of the Clones", "popularity": 43.987061, "release_date": "2002-05-15", "vote_average": 6.4, "production_companies": ["Lucasfilm"], "overview": "Ten years after the invasion of Naboo, the galaxy is on the brink of civil war. Under the leadership of a renegade Jedi named Count Dooku, thousands of solar systems threaten to break away from the Galactic Republic. When an assassination attempt is made on Senator Padm\u00e9 Amidala, the former Queen of Naboo, twenty-year-old Jedi apprentice Anakin Skywalker is assigned to protect her. In the course of his mission, Anakin discovers his love for Padm\u00e9 as well as his own darker side. Soon, Anakin, Padm\u00e9, and Obi-Wan Kenobi are drawn into the heart of the Separatist movement and the beginning of the Clone Wars.", "revenue": 649398328, "budget": 120000000}, {"movie_id": 585, "genres": ["Animation", "Comedy", "Family"], "homepage": "http://movies.disney.com/monsters-inc", "title": "Monsters, Inc.", "popularity": 106.815545, "release_date": "2001-11-01", "vote_average": 7.5, "production_companies": ["Walt Disney Pictures", "Pixar Animation Studios"], "overview": "James Sullivan and Mike Wazowski are monsters, they earn their living scaring children and are the best in the business... even though they're more afraid of the children than they are of them. When a child accidentally enters their world, James and Mike suddenly find that kids are not to be afraid of and they uncover a conspiracy that could threaten all children across the world.", "revenue": 562816256, "budget": 115000000}, {"movie_id": 76170, "genres": ["Action", "Science Fiction", "Adventure", "Fantasy"], "homepage": "http://www.thewolverinemovie.com", "title": "The Wolverine", "popularity": 15.953444000000001, "release_date": "2013-07-23", "vote_average": 6.3, "production_companies": ["Twentieth Century Fox Film Corporation", "Donners' Company", "Marvel Entertainment", "Bad Hat Harry Productions", "Big Screen Productions", "TSG Entertainment"], "overview": "Wolverine faces his ultimate nemesis - and tests of his physical, emotional, and mortal limits - in a life-changing voyage to modern-day Japan.", "revenue": 415440673, "budget": 120000000}, {"movie_id": 1893, "genres": ["Adventure", "Action", "Science Fiction"], "homepage": "http://www.starwars.com/films/star-wars-episode-i-the-phantom-menace", "title": "Star Wars: Episode I - The Phantom Menace", "popularity": 54.035265, "release_date": "1999-05-19", "vote_average": 6.3, "production_companies": ["Lucasfilm"], "overview": "Anakin Skywalker, a young slave strong with the Force, is discovered on Tatooine. Meanwhile, the evil Sith have returned, enacting their plot for revenge against the Jedi.", "revenue": 924317558, "budget": 115000000}, {"movie_id": 1593, "genres": ["Action", "Adventure", "Comedy", "Family", "Fantasy"], "homepage": "", "title": "Night at the Museum", "popularity": 48.780039, "release_date": "2006-10-20", "vote_average": 6.3, "production_companies": ["Ingenious Film Partners", "Twentieth Century Fox Film Corporation", "1492 Pictures", "21 Laps Entertainment"], "overview": "Chaos reigns at the natural history museum when night watchman Larry Daley accidentally stirs up an ancient curse, awakening Attila the Hun, an army of gladiators, a Tyrannosaurus rex and other exhibits. Larry tries desperately to keep the museum under control, but he's fighting a losing battle until President Teddy Roosevelt comes to the rescue.", "revenue": 574480841, "budget": 110000000}, {"movie_id": 120, "genres": ["Adventure", "Fantasy", "Action"], "homepage": "http://www.lordoftherings.net/", "title": "The Lord of the Rings: The Fellowship of the Ring", "popularity": 138.049577, "release_date": "2001-12-18", "vote_average": 8.0, "production_companies": ["WingNut Films", "New Line Cinema", "The Saul Zaentz Company"], "overview": "Young hobbit Frodo Baggins, after inheriting a mysterious ring from his uncle Bilbo, must leave his home in order to keep it from falling into the hands of its evil creator. Along the way, a fellowship is formed to protect the ringbearer and make sure that the ring arrives at its final destination: Mt. Doom, the only place where it can be destroyed.", "revenue": 871368364, "budget": 93000000}, {"movie_id": 672, "genres": ["Adventure", "Fantasy", "Family"], "homepage": "", "title": "Harry Potter and the Chamber of Secrets", "popularity": 132.397737, "release_date": "2002-11-13", "vote_average": 7.4, "production_companies": ["1492 Pictures", "Heyday films", "Warner Bros."], "overview": "Ignoring threats to his life, Harry returns to Hogwarts to investigate \u2013 aided by Ron and Hermione \u2013 a mysterious series of attacks.", "revenue": 876688482, "budget": 100000000}, {"movie_id": 280, "genres": ["Action", "Thriller", "Science Fiction"], "homepage": "", "title": "Terminator 2: Judgment Day", "popularity": 101.74155, "release_date": "1991-07-01", "vote_average": 7.7, "production_companies": ["Lightstorm Entertainment", "Pacific Western", "Canal+", "Carolco Pictures", "T2 Productions"], "overview": "Nearly 10 years have passed since Sarah Connor was targeted for termination by a cyborg from the future. Now her son, John, the future leader of the resistance, is the target for a newer, more deadly terminator. Once again, the resistance has managed to send a protector back to attempt to save John and his mother Sarah.", "revenue": 520000000, "budget": 100000000}, {"movie_id": 39451, "genres": ["Comedy", "Romance"], "homepage": "http://www.littlefockers.net/", "title": "Little Fockers", "popularity": 32.389353, "release_date": "2010-12-21", "vote_average": 5.4, "production_companies": ["Paramount Pictures", "Universal Pictures", "Everyman Pictures", "Relativity Media", "Dreamworks Pictures", "Tribeca Productions"], "overview": "It has taken 10 years, two little Fockers with wife Pam and countless hurdles for Greg to finally get in with his tightly wound father-in-law, Jack. After the cash-strapped dad takes a job moonlighting for a drug company, Jack's suspicions about his favorite male nurse come roaring back. When Greg and Pam's entire clan descends for the twins' birthday party, Greg must prove to the skeptical Jack that he's fully capable as the man of the house.", "revenue": 310650585, "budget": 100000000}, {"movie_id": 9016, "genres": ["Adventure", "Animation", "Family", "Fantasy", "Science Fiction"], "homepage": "", "title": "Treasure Planet", "popularity": 38.924136, "release_date": "2002-11-26", "vote_average": 7.2, "production_companies": ["Walt Disney Pictures", "Walt Disney Feature Animation"], "overview": "When space galleon cabin boy Jim Hawkins discovers a map to an intergalactic \"loot of a thousand worlds,\" a cyborg cook named John Silver teaches him to battle supernovas and space storms. But, soon, Jim realizes Silver is a pirate intent on mutiny!", "revenue": 109578115, "budget": 140000000}, {"movie_id": 122, "genres": ["Adventure", "Fantasy", "Action"], "homepage": "http://www.lordoftherings.net", "title": "The Lord of the Rings: The Return of the King", "popularity": 123.63033200000001, "release_date": "2003-12-01", "vote_average": 8.1, "production_companies": ["WingNut Films", "New Line Cinema"], "overview": "Aragorn is revealed as the heir to the ancient kings as he, Gandalf and the other members of the broken fellowship struggle to save Gondor from Sauron's forces. Meanwhile, Frodo and Sam bring the ring closer to the heart of Mordor, the dark lord's realm.", "revenue": 1118888979, "budget": 94000000}, {"movie_id": 121, "genres": ["Adventure", "Fantasy", "Action"], "homepage": "http://www.lordoftherings.net/", "title": "The Lord of the Rings: The Two Towers", "popularity": 106.914973, "release_date": "2002-12-18", "vote_average": 8.0, "production_companies": ["WingNut Films", "New Line Cinema", "The Saul Zaentz Company"], "overview": "Frodo and Sam are trekking to Mordor to destroy the One Ring of Power while Gimli, Legolas and Aragorn search for the orc-captured Merry and Pippin. All along, nefarious wizard Saruman awaits the Fellowship members at the Orthanc Tower in Isengard.", "revenue": 926287400, "budget": 79000000}, {"movie_id": 863, "genres": ["Animation", "Comedy", "Family"], "homepage": "http://toystory.disney.com/toy-story-2", "title": "Toy Story 2", "popularity": 73.575118, "release_date": "1999-10-30", "vote_average": 7.3, "production_companies": ["Pixar Animation Studios"], "overview": "Andy heads off to Cowboy Camp, leaving his toys to their own devices. Things shift into high gear when an obsessive toy collector named Al McWhiggen, owner of Al's Toy Barn kidnaps Woody. Andy's toys mount a daring rescue mission, Buzz Lightyear meets his match and Woody has to decide where he and his heart truly belong.", "revenue": 497366869, "budget": 90000000}, {"movie_id": 22794, "genres": ["Animation", "Comedy", "Family"], "homepage": "http://www.cloudywithachanceofmeatballs.com/", "title": "Cloudy with a Chance of Meatballs", "popularity": 46.781182, "release_date": "2009-09-17", "vote_average": 6.5, "production_companies": ["Columbia Pictures", "Sony Pictures Animation"], "overview": "Inventor Flint Lockwood creates a machine that makes clouds rain food, enabling the down-and-out citizens of Chewandswallow to feed themselves. But when the falling food reaches gargantuan proportions, Flint must scramble to avert disaster. Can he regain control of the machine and put an end to the wild weather before the town is destroyed?", "revenue": 242988466, "budget": 100000000}, {"movie_id": 8355, "genres": ["Animation", "Comedy", "Family", "Adventure"], "homepage": "http://www.iceagemovies.com/films/ice-age-dawn-of-the-dinosaurs", "title": "Ice Age: Dawn of the Dinosaurs", "popularity": 69.457898, "release_date": "2009-06-29", "vote_average": 6.5, "production_companies": ["Blue Sky Studios", "Twentieth Century Fox Animation"], "overview": "Times are changing for Manny the moody mammoth, Sid the motor mouthed sloth and Diego the crafty saber-toothed tiger. Life heats up for our heroes when they meet some new and none-too-friendly neighbors \u2013 the mighty dinosaurs.", "revenue": 886686817, "budget": 90000000}, {"movie_id": 10661, "genres": ["Comedy", "Action"], "homepage": "http://www.youdontmesswiththezohan.com/", "title": "You Don't Mess with the Zohan", "popularity": 40.597344, "release_date": "2008-06-05", "vote_average": 5.5, "production_companies": ["Columbia Pictures", "Happy Madison Productions", "Sony Pictures Releasing", "Relativity Media"], "overview": "An Israeli counterterrorism soldier with a secretly fabulous ambition to become a Manhattan hairstylist. Zohan's desire runs so deep that he'll do anything -- including faking his own death and going head-to-head with an Arab cab driver -- to make his dreams come true.", "revenue": 201596308, "budget": 90000000}, {"movie_id": 257344, "genres": ["Action", "Comedy", "Science Fiction"], "homepage": "http://www.pixels-movie.com/", "title": "Pixels", "popularity": 140.849495, "release_date": "2015-07-16", "vote_average": 5.6, "production_companies": ["Columbia Pictures", "Happy Madison Productions"], "overview": "Video game experts are recruited by the military to fight 1980s-era video game characters who've attacked New York.", "revenue": 243637091, "budget": 88000000}, {"movie_id": 9387, "genres": ["Adventure", "Fantasy", "Action"], "homepage": "", "title": "Conan the Barbarian", "popularity": 31.802807, "release_date": "1982-04-02", "vote_average": 6.6, "production_companies": ["Universal Pictures", "Dino De Laurentiis Company"], "overview": "A film adaptation of the classic sword and sorcery hero, Conan the Barbarian. A horde of rampaging warriors massacre the parents of young Conan and enslave the young child for years on The Wheel of Pain. As the sole survivor of the childhood massacre, Conan is released from slavery and taught the ancient arts of fighting. Transforming himself into a killing machine, Conan travels into the wilderness to seek vengeance on Thulsa Doom, the man responsible for killing his family. In the wilderness, Conan takes up with the thieves Valeria and Subotai. The group comes upon King Osric, who wants the trio of warriors to help rescue his daughter who has joined Doom in the hills.", "revenue": 79114085, "budget": 20000000}, {"movie_id": 9836, "genres": ["Animation", "Comedy"], "homepage": "http://www.warnerbros.com/happy-feet", "title": "Happy Feet", "popularity": 37.272385, "release_date": "2006-11-16", "vote_average": 5.9, "production_companies": ["Kennedy Miller Productions", "Animal Logic"], "overview": "Into the world of the Emperor Penguins, who find their soul mates through song, a penguin is born who cannot sing. But he can tap dance something fierce!", "revenue": 384335608, "budget": 100000000}, {"movie_id": 76492, "genres": ["Animation", "Comedy", "Family", "Fantasy"], "homepage": "http://www.welcometohotelt.com", "title": "Hotel Transylvania", "popularity": 56.257411, "release_date": "2012-09-20", "vote_average": 6.8, "production_companies": ["Columbia Pictures", "Sony Pictures Animation"], "overview": "Dracula, who operates a high-end resort away from the human world, goes into overprotective mode when a boy discovers the resort and falls for the count's teen-aged daughter.", "revenue": 358375603, "budget": 85000000}, {"movie_id": 9339, "genres": ["Comedy", "Drama", "Fantasy", "Romance"], "homepage": "", "title": "Click", "popularity": 41.176631, "release_date": "2006-06-22", "vote_average": 6.0, "production_companies": ["Original Film", "Columbia Pictures Corporation", "Revolution Studios", "Happy Madison Productions"], "overview": "A workaholic architect finds a universal remote that allows him to fast-forward and rewind to different parts of his life. Complications arise when the remote starts to overrule his choices.", "revenue": 237681299, "budget": 82500000}, {"movie_id": 9291, "genres": ["Comedy", "Drama"], "homepage": "", "title": "The Longest Yard", "popularity": 26.065735, "release_date": "2005-05-19", "vote_average": 6.2, "production_companies": ["Paramount Pictures", "Columbia Pictures Corporation", "MTV Films", "Happy Madison Productions", "Callahan Filmworks"], "overview": "Pro quarter-back, Paul Crewe and former college champion and coach, Nate Scarboro are doing time in the same prison. Asked to put together a team of inmates to take on the guards, Crewe enlists the help of Scarboro to coach the inmates to victory in a football game 'fixed' to turn out quite another way.", "revenue": 190320568, "budget": 82000000}, {"movie_id": 109418, "genres": ["Comedy"], "homepage": "http://www.sonypictures.com/movies/grownups2", "title": "Grown Ups 2", "popularity": 45.589568, "release_date": "2013-07-11", "vote_average": 5.8, "production_companies": ["Columbia Pictures", "Happy Madison Productions", "Sony Pictures Entertainment (SPE)"], "overview": "The all-star comedy cast from Grown Ups returns (with some exciting new additions) for more summertime laughs. Lenny (Adam Sandler) has relocated his family back to the small town where he and his friends grew up. This time around, the grown ups are the ones learning lessons from their kids on a day notoriously full of surprises: the last day of school.", "revenue": 246984278, "budget": 80000000}, {"movie_id": 10202, "genres": ["Fantasy", "Comedy", "Family", "Romance"], "homepage": "", "title": "Bedtime Stories", "popularity": 23.531720999999997, "release_date": "2008-12-24", "vote_average": 5.9, "production_companies": ["Walt Disney Pictures", "Happy Madison Productions", "Gunn Films"], "overview": "Skeeter Bronson is a down-on-his-luck guy who's always telling bedtime stories to his niece and nephew. But his life is turned upside down when the fantastical stories he makes up for entertainment inexplicably turn into reality. Can a bewildered Skeeter manage his own unruly fantasies now that the outrageous characters and situations from his mind have morphed into actual people and events?", "revenue": 212874442, "budget": 80000000}, {"movie_id": 50546, "genres": ["Romance", "Comedy"], "homepage": "http://www.justgowithit-movie.com", "title": "Just Go with It", "popularity": 37.02665, "release_date": "2011-02-10", "vote_average": 6.3, "production_companies": ["Columbia Pictures", "Happy Madison Productions"], "overview": "A plastic surgeon, romancing a much younger schoolteacher, enlists his loyal assistant to pretend to be his soon to be ex-wife, in order to cover up a careless lie. When more lies backfire, the assistant's kids become involved, and everyone heads off for a weekend in Hawaii that will change all their lives.", "revenue": 214918407, "budget": 80000000}, {"movie_id": 38317, "genres": ["Comedy", "Romance", "Family"], "homepage": "http://www.zookeeper-movie.com/", "title": "Zookeeper", "popularity": 27.462640000000004, "release_date": "2011-07-06", "vote_average": 5.3, "production_companies": ["Columbia Pictures", "Happy Madison Productions", "Sony Pictures Releasing", "Broken Road Productions", "Metro-Goldwyn-Mayer (MGM)", "Zookeeper Productions", "Hey Eddie"], "overview": "A comedy about a zookeeper who might be great with animals, but he doesn't know anything about the birds and the bees. The man can't find love, so he decides to quit his job at the zoo, but his animal friends try to stop him and teach him that Mother Nature knows best when it comes to love.", "revenue": 169852759, "budget": 80000000}, {"movie_id": 159824, "genres": ["Animation", "Comedy", "Family"], "homepage": "", "title": "Hotel Transylvania 2", "popularity": 61.692197, "release_date": "2015-09-21", "vote_average": 6.7, "production_companies": ["Columbia Pictures", "Sony Pictures Animation"], "overview": "When the old-old-old-fashioned vampire Vlad arrives at the hotel for an impromptu family get-together, Hotel Transylvania is in for a collision of supernatural old-school and modern day cool.", "revenue": 473226958, "budget": 80000000}, {"movie_id": 9705, "genres": ["Action", "Crime", "Thriller"], "homepage": "", "title": "Swordfish", "popularity": 36.788745, "release_date": "2001-06-07", "vote_average": 6.1, "production_companies": ["Village Roadshow Pictures", "NPV Entertainment", "Silver Pictures", "Warner Bros.", "Jonathan Krane Group"], "overview": "Rogue agent Gabriel Shear is determined to get his mitts on $9 billion stashed in a secret Drug Enforcement Administration account. He wants the cash to fight terrorism, but lacks the computer skills necessary to hack into the government mainframe. Enter Stanley Jobson, a n'er-do-well encryption expert who can log into anything.", "revenue": 147080413, "budget": 102000000}, {"movie_id": 9678, "genres": ["Comedy", "Fantasy", "Romance"], "homepage": "", "title": "Little Nicky", "popularity": 18.335992, "release_date": "2000-11-10", "vote_average": 5.2, "production_companies": ["New Line Cinema", "Avery Pix", "Happy Madison Productions"], "overview": "After the lord of darkness decides he will not cede his thrown to any of his three sons, the two most powerful of them escape to Earth to create a kingdom for themselves. This action closes the portal filtering sinful souls to Hell and causes Satan to wither away. He must send his most weak but beloved son, Little Nicky, to Earth to return his brothers to Hell.", "revenue": 0, "budget": 85000000}, {"movie_id": 71880, "genres": ["Comedy"], "homepage": "http://www.jackandjill-movie.com/", "title": "Jack and Jill", "popularity": 22.132417999999998, "release_date": "2011-11-11", "vote_average": 4.1, "production_companies": ["Columbia Pictures", "Happy Madison Productions", "Broken Road Productions"], "overview": "Jack Sadelstein, a successful advertising executive in Los Angeles with a beautiful wife and kids, dreads one event each year: the Thanksgiving visit of his twin sister Jill. Jill's neediness and passive-aggressiveness is maddening to Jack, turning his normally tranquil life upside down.", "revenue": 149673788, "budget": 79000000}, {"movie_id": 328111, "genres": ["Animation", "Family"], "homepage": "http://www.thesecretlifeofpets.com/", "title": "The Secret Life of Pets", "popularity": 31.482871999999997, "release_date": "2016-06-18", "vote_average": 5.9, "production_companies": ["Universal Pictures", "Fuji Television Network", "Dentsu", "Illumination Entertainment"], "overview": "The quiet life of a terrier named Max is upended when his owner takes in Duke, a stray whom Max instantly dislikes.", "revenue": 875958308, "budget": 75000000}, {"movie_id": 93456, "genres": ["Animation", "Comedy", "Family"], "homepage": "http://www.despicableme.com/", "title": "Despicable Me 2", "popularity": 136.886704, "release_date": "2013-06-25", "vote_average": 7.0, "production_companies": ["Universal Pictures", "Illumination Entertainment"], "overview": "Gru is recruited by the Anti-Villain League to help deal with a powerful new super criminal.", "revenue": 970761885, "budget": 76000000}, {"movie_id": 953, "genres": ["Family", "Animation"], "homepage": "", "title": "Madagascar", "popularity": 48.110909, "release_date": "2005-05-25", "vote_average": 6.6, "production_companies": ["DreamWorks SKG", "Pacific Data Images (PDI)", "DreamWorks Animation"], "overview": "Zoo animals leave the comforts of man-made habitats for exotic adventure in this animated family film. After escaping from the zoo, four friends -- a lion, a hippo, a zebra and a giraffe -- are sent back to Africa. When their ship capsizes, stranding them on Madagascar, an island populated by crazy critters, the pals must adapt to jungle life and their new roles as wild animals.", "revenue": 532680671, "budget": 75000000}, {"movie_id": 36657, "genres": ["Adventure", "Action", "Science Fiction"], "homepage": "", "title": "X-Men", "popularity": 4.6689099999999994, "release_date": "2000-07-13", "vote_average": 6.8, "production_companies": ["Twentieth Century Fox Film Corporation", "Donners' Company", "Bad Hat Harry Productions", "Marvel Enterprises", "Springwood Productions", "Genetics Productions"], "overview": "Two mutants, Rogue and Wolverine, come to a private academy for their kind whose resident superhero team, the X-Men, must oppose a terrorist organization with similar powers.", "revenue": 296339527, "budget": 75000000}, {"movie_id": 1824, "genres": ["Comedy", "Romance"], "homepage": "", "title": "50 First Dates", "popularity": 61.437585999999996, "release_date": "2004-02-13", "vote_average": 6.6, "production_companies": ["Columbia Pictures Corporation", "Happy Madison Productions", "Anonymous Content", "Flower Films (II)"], "overview": "Henry is a player skilled at seducing women. But when this veterinarian meets Lucy, a girl with a quirky problem when it comes to total recall, he realizes it's possible to fall in love all over again\u2026and again, and again. That's because the delightful Lucy has no short-term memory, so Henry must woo her day after day until he finally sweeps her off her feet.", "revenue": 196482882, "budget": 75000000}, {"movie_id": 2976, "genres": ["Family", "Comedy", "Music", "Romance"], "homepage": "http://www.hairspraymovie.com/", "title": "Hairspray", "popularity": 31.160542, "release_date": "2007-07-13", "vote_average": 6.5, "production_companies": ["New Line Cinema", "Ingenious Film Partners", "Offspring Entertainment", "Zadan / Meron Productions"], "overview": "Pleasantly plump teenager, Tracy Turnblad and her best friend, Penny Pingleton audition to be on The Corny Collins Show \u2013 and Tracy wins. But when scheming Amber Von Tussle and her mother plot to destroy Tracy, it turns to chaos.", "revenue": 90450008, "budget": 50000000}, {"movie_id": 38365, "genres": ["Comedy"], "homepage": "http://www.grownups-movie.com/", "title": "Grown Ups", "popularity": 38.864027, "release_date": "2010-06-24", "vote_average": 6.0, "production_companies": ["Columbia Pictures", "Happy Madison Productions", "Relativity Media"], "overview": "After their high school basketball coach passes away, five good friends and former teammates reunite for a Fourth of July holiday weekend.", "revenue": 271430189, "budget": 80000000}, {"movie_id": 4551, "genres": ["Comedy", "Crime"], "homepage": "", "title": "Be Cool", "popularity": 18.614720000000002, "release_date": "2005-03-04", "vote_average": 5.4, "production_companies": ["Double Feature Films", "Jersey Films", "Nina Saxon Film Design", "Metro-Goldwyn-Mayer (MGM)"], "overview": "Disenchanted with the movie industry, Chili Palmer tries the music industry, meeting and romancing a widow of a music exec on the way.", "revenue": 95226116, "budget": 53000000}, {"movie_id": 693, "genres": ["Comedy", "Romance"], "homepage": "http://www.meetthefockers.com/index.php", "title": "Meet the Fockers", "popularity": 32.829538, "release_date": "2004-12-22", "vote_average": 6.1, "production_companies": ["DreamWorks SKG", "Universal Pictures", "Everyman Pictures", "Tribeca Productions"], "overview": "Hard-to-crack ex-CIA man, Jack Byrnes and his wife, Dina head for the warmer climes of Florida to meet son-in-law-to-be, Greg Focker's parents. Unlike their happily matched offspring, the future in-laws find themselves in a situation of opposites that definitely do not attract.", "revenue": 516642939, "budget": 80000000}, {"movie_id": 9384, "genres": ["Comedy", "Crime"], "homepage": "", "title": "Starsky & Hutch", "popularity": 28.848841999999998, "release_date": "2004-03-05", "vote_average": 5.6, "production_companies": ["Weed Road Pictures", "Warner Bros.", "Dimension Films", "Red Hour Films", "AR-TL"], "overview": "Join uptight David Starsky and laid-back Ken \"Hutch\" Hutchinson as they're paired for the first time as undercover cops. The new partners must overcome their differences to solve an important case with help from street informant Huggy Bear and persuasive criminal Reese Feldman.", "revenue": 170268750, "budget": 60000000}, {"movie_id": 10199, "genres": ["Adventure", "Animation", "Family"], "homepage": "https://www.uphe.com/movies/the-tale-of-despereaux", "title": "The Tale of Despereaux", "popularity": 16.493576, "release_date": "2008-12-19", "vote_average": 5.8, "production_companies": ["Larger Than Life Productions"], "overview": "Once upon a time... in the far away kingdom of Dor... lived a brave and virtuous mouse with comically oversized ears who dreamt of becoming a knight. Banished from his home for having such lofty ambitions, Despereaux sets off on an amazing adventure with his good-hearted rat friend Roscuro, who leads him, at long last, on a very noble quest to rescue an endangered princess and save an entire kingdom from darkness.", "revenue": 50877145, "budget": 60000000}, {"movie_id": 274479, "genres": ["Drama", "Comedy"], "homepage": "http://www.foxmovies.com/movies/joy", "title": "Joy", "popularity": 29.876507, "release_date": "2015-12-24", "vote_average": 6.4, "production_companies": ["Fox 2000 Pictures", "Davis Entertainment", "Annapurna Pictures", "TSG Entertainment"], "overview": "A story based on the life of a struggling Long Island single mom who became one of the country's most successful entrepreneurs.", "revenue": 101134059, "budget": 60000000}, {"movie_id": 347969, "genres": ["Comedy", "Western"], "homepage": "http://www.netflix.com/title/80039517", "title": "The Ridiculous 6", "popularity": 19.694695, "release_date": "2015-12-11", "vote_average": 4.9, "production_companies": ["Happy Madison Productions"], "overview": "When his long-lost outlaw father returns, Tommy \"White Knife\" Stockburn goes on an adventure-filled journey across the Old West with his five brothers.", "revenue": 0, "budget": 60000000}, {"movie_id": 87428, "genres": ["Comedy"], "homepage": "http://www.sonypictures.com/movies/thatsmyboy/", "title": "That's My Boy", "popularity": 21.723897, "release_date": "2012-06-14", "vote_average": 5.5, "production_companies": ["Columbia Pictures", "Happy Madison Productions", "Relativity Media"], "overview": "While in his teens, Donny fathered a son, Todd, and raised him as a single parent up until Todd's 18th birthday. Now, after not seeing each other for years, Todd's world comes crashing down when Donny resurfaces just before Todd's wedding.", "revenue": 58058367, "budget": 70000000}, {"movie_id": 1597, "genres": ["Comedy", "Romance"], "homepage": "", "title": "Meet the Parents", "popularity": 29.972240000000003, "release_date": "2000-10-06", "vote_average": 6.6, "production_companies": ["DreamWorks SKG", "Universal Pictures", "Tribeca Productions", "Nancy Tenenbaum Films"], "overview": "Greg Focker is ready to marry his girlfriend, Pam, but before he pops the question, he must win over her formidable father, humorless former CIA agent Jack Byrnes, at the wedding of Pam's sister. As Greg bends over backward to make a good impression, his visit to the Byrnes home turns into a hilarious series of disasters, and everything that can go wrong does, all under Jack's critical, hawklike gaze.", "revenue": 330444045, "budget": 55000000}, {"movie_id": 8273, "genres": ["Comedy", "Romance"], "homepage": "", "title": "American Wedding", "popularity": 36.194802, "release_date": "2003-08-01", "vote_average": 6.0, "production_companies": ["Universal Pictures", "Zide-Perry Productions", "LivePlanet", "Loumolo & Co."], "overview": "With high school a distant memory, Jim and Michelle are getting married -- and in a hurry, since Jim's grandmother is sick and wants to see him walk down the aisle -- prompting Stifler to throw the ultimate bachelor party. And Jim's dad is reliable as ever, doling out advice no one wants to hear.", "revenue": 231449203, "budget": 55000000}, {"movie_id": 285923, "genres": ["Thriller", "Action", "Horror"], "homepage": "", "title": "Grindhouse", "popularity": 16.637642, "release_date": "2007-04-06", "vote_average": 6.8, "production_companies": ["Big Talk Productions", "Yer Dead Productions", "Weinstein Company, The", "Dimension Films", "Troublemaker Studios", "Dartmouth International", "Eyetronics", "Rodriguez International Pictures"], "overview": "Two full length feature horror movies written by Quentin Tarantino and Robert Rodriguez put together as a two film feature. Including fake movie trailers in between both movies.", "revenue": 25037897, "budget": 67000000}, {"movie_id": 524, "genres": ["Drama", "Crime"], "homepage": "", "title": "Casino", "popularity": 40.06688, "release_date": "1995-11-22", "vote_average": 7.8, "production_companies": ["Universal Pictures", "L\u00e9gende Entreprises", "Syalis DA", "De Fina-Cappa"], "overview": "The life of the gambling paradise \u2013 Las Vegas \u2013 and its dark mafia underbelly.", "revenue": 116112375, "budget": 52000000}, {"movie_id": 26389, "genres": ["Action", "Crime", "Thriller"], "homepage": "http://www.frompariswithlovefilm.com/", "title": "From Paris with Love", "popularity": 27.916284, "release_date": "2010-02-05", "vote_average": 6.1, "production_companies": ["Apipoula\u00ef", "M6 Films", "Canal+", "TPS Star", "Grive Productions", "EuropaCorp", "M6", "W9"], "overview": "James Reese has a good job as an ambassador's aid in France, but his real passion is a side gig, working in a minor role in the CIA. He would love to be a full-fledged agent and can't believe his luck when he lands an assignment with Charlie Wax. Trigger-happy Charlie soon has James crying for his desk job, but when he learns that the same guys they're trying to catch are after him, James realizes that Charlie may be his only hope of survival.", "revenue": 52826594, "budget": 52000000}, {"movie_id": 2022, "genres": ["Comedy", "Romance"], "homepage": "", "title": "Mr. Deeds", "popularity": 18.121404000000002, "release_date": "2002-06-28", "vote_average": 5.6, "production_companies": ["New Line Cinema", "Columbia Pictures Corporation", "Out of the Blue... Entertainment", "Happy Madison Productions"], "overview": "When Longfellow Deeds, a small-town pizzeria owner and poet, inherits $40 billion from his deceased uncle, he quickly begins rolling in a different kind of dough. Moving to the big city, Deeds finds himself besieged by opportunists all gunning for their piece of the pie. Babe, a television tabloid reporter, poses as an innocent small-town girl to do an expos\u00e9 on Deeds.", "revenue": 171269535, "budget": 50000000}, {"movie_id": 228326, "genres": ["Romance", "Animation", "Adventure", "Comedy", "Family", "Fantasy"], "homepage": "http://www.bookoflifemovie.com/", "title": "The Book of Life", "popularity": 34.890999, "release_date": "2014-10-01", "vote_average": 7.3, "production_companies": ["Twentieth Century Fox Film Corporation", "Reel FX Creative Studios", "Twentieth Century Fox Animation", "Chatrone"], "overview": "The journey of Manolo, a young man who is torn between fulfilling the expectations of his family and following his heart. Before choosing which path to follow, he embarks on an incredible adventure that spans three fantastical worlds where he must face his greatest fears.", "revenue": 97437106, "budget": 50000000}, {"movie_id": 10782, "genres": ["Action", "Drama", "Mystery", "Thriller", "Crime"], "homepage": "", "title": "Basic", "popularity": 19.226763000000002, "release_date": "2003-04-18", "vote_average": 6.2, "production_companies": ["Intermedia Films", "Krane Entertainment"], "overview": "A DEA agent investigates the disappearance of a legendary Army ranger drill sergeant and several of his cadets during a training exercise gone severely awry.", "revenue": 42792561, "budget": 50000000}, {"movie_id": 10386, "genres": ["Adventure", "Animation", "Family", "Fantasy", "Science Fiction"], "homepage": "https://www.warnerbros.com/iron-giant", "title": "The Iron Giant", "popularity": 61.245957, "release_date": "1999-08-06", "vote_average": 7.6, "production_companies": ["Warner Bros. Animation"], "overview": "In the small town of Rockwell, Maine in October 1957, a giant metal machine befriends a nine-year-old boy and ultimately finds its humanity by unselfishly saving people from their own fears and prejudices.", "revenue": 23159305, "budget": 70000000}, {"movie_id": 329833, "genres": ["Comedy"], "homepage": "http://www.zoolander.com/", "title": "Zoolander 2", "popularity": 37.253774, "release_date": "2016-02-06", "vote_average": 4.7, "production_companies": ["Scott Rudin Productions", "Red Hour Films"], "overview": "Derek and Hansel are modelling again when an opposing company attempts to take them out from the business.", "revenue": 55969000, "budget": 50000000}, {"movie_id": 9894, "genres": ["Comedy", "Drama", "Thriller"], "homepage": "", "title": "The Cable Guy", "popularity": 19.525659, "release_date": "1996-06-10", "vote_average": 5.7, "production_companies": ["Columbia Pictures Corporation"], "overview": "When recently single Steven moves into his new apartment, cable guy Chip comes to hook him up -- and doesn't let go. Initially, Chip is just overzealous in his desire to be Steven's pal, but when Steven tries to end the \"friendship,\" Chip shows his dark side. He begins stalking Steven, who's left to fend for himself because no one else can believe Chip's capable of such behavior.", "revenue": 102825796, "budget": 47000000}, {"movie_id": 7453, "genres": ["Adventure", "Comedy", "Family", "Science Fiction"], "homepage": "", "title": "The Hitchhiker's Guide to the Galaxy", "popularity": 51.742065000000004, "release_date": "2005-01-15", "vote_average": 6.6, "production_companies": ["Spyglass Entertainment", "Everyman Pictures", "Hammer & Tongs", "Touchstone Pictures"], "overview": "Mere seconds before the Earth is to be demolished by an alien construction crew, Arthur Dent is swept off the planet by his friend Ford Prefect, a researcher penning a new edition of \"The Hitchhiker's Guide to the Galaxy.\"", "revenue": 104478416, "budget": 50000000}, {"movie_id": 232672, "genres": ["Comedy"], "homepage": "", "title": "Blended", "popularity": 44.120328, "release_date": "2014-05-21", "vote_average": 6.6, "production_companies": ["Happy Madison Productions", "Karz Entertainment", "Warner Bros.", "Gulfstream Pictures"], "overview": "After a bad blind date, a man and woman find themselves stuck together at a resort for families, where their attractions grows as their respective kids benefit from the burgeoning relationship.", "revenue": 123494610, "budget": 40000000}, {"movie_id": 2749, "genres": ["Action", "Crime", "Thriller"], "homepage": "", "title": "15 Minutes", "popularity": 15.205371, "release_date": "2001-03-01", "vote_average": 5.7, "production_companies": ["New Line Cinema", "Industry Entertainment", "Tribeca Productions", "New Redemption Pictures"], "overview": "When Eastern European criminals Oleg and Emil come to New York City to pick up their share of a heist score, Oleg steals a video camera and starts filming their activities, both legal and illegal. When they learn how the American media circus can make a remorseless killer look like the victim and make them rich, they target media-savvy NYPD Homicide Detective Eddie Flemming and media-naive FDNY Fire Marshal Jordy Warsaw, the cops investigating their murder and torching of their former criminal partner, filming everything to sell to the local tabloid TV show \"Top Story.\"", "revenue": 56359980, "budget": 60000000}, {"movie_id": 12279, "genres": ["Action", "Adventure", "Comedy", "Family", "Science Fiction"], "homepage": "", "title": "Spy Kids 3-D: Game Over", "popularity": 21.998734, "release_date": "2003-07-25", "vote_average": 4.7, "production_companies": ["Dimension Films"], "overview": "Carmen's caught in a virtual reality game designed by the Kids' new nemesis, the Toymaker. It's up to Juni to save his sister, and ultimately the world.", "revenue": 197011982, "budget": 38000000}, {"movie_id": 39513, "genres": ["Adventure", "Comedy", "Science Fiction"], "homepage": "http://paulthemovie.co.uk/", "title": "Paul", "popularity": 43.151268, "release_date": "2011-02-14", "vote_average": 6.5, "production_companies": ["Universal Pictures", "Big Talk Productions", "Relativity Media", "Working Title Films"], "overview": "For the past 60 years, a space-traveling smart-ass named Paul has been locked up in a top-secret military base, advising world leaders about his kind. But when he worries he\u2019s outlived his usefulness and the dissection table is drawing uncomfortably close, Paul escapes on the first RV that passes by his compound in Area 51. Fortunately, it contains the two earthlings who are most likely to rescue and harbor an alien on the run.", "revenue": 97552050, "budget": 40000000}, {"movie_id": 193, "genres": ["Science Fiction", "Action", "Adventure", "Thriller"], "homepage": "", "title": "Star Trek: Generations", "popularity": 14.779041000000001, "release_date": "1994-11-17", "vote_average": 6.4, "production_companies": ["Paramount Pictures"], "overview": "Captain Jean-Luc Picard and the crew of the Enterprise-D find themselves at odds with the renegade scientist Soran who is destroying entire star systems. Only one man can help Picard stop Soran's scheme...and he's been dead for seventy-eight years.", "revenue": 120000000, "budget": 38000000}, {"movie_id": 256961, "genres": ["Action", "Comedy", "Family"], "homepage": "", "title": "Paul Blart: Mall Cop 2", "popularity": 41.258487, "release_date": "2015-04-16", "vote_average": 5.0, "production_companies": ["Columbia Pictures", "Happy Madison Productions", "Sony Pictures Releasing", "Sony Pictures Entertainment (SPE)", "LStar Capital", "Hey Eddie"], "overview": "Security guard Paul Blart is headed to Las Vegas to attend a Security Guard Expo with his teenage daughter Maya before she departs for college. While at the convention, he inadvertently discovers a heist - and it's up to Blart to apprehend the criminals.", "revenue": 107597242, "budget": 38000000}, {"movie_id": 10054, "genres": ["Action", "Comedy", "Family", "Adventure"], "homepage": "", "title": "Spy Kids", "popularity": 21.543389, "release_date": "2001-03-18", "vote_average": 5.5, "production_companies": ["Dimension Films", "Troublemaker Studios", "Miramax"], "overview": "Carmen and Juni think their parents are boring. Little do they know that in their day, Gregorio and Ingrid Cortez were the top secret agents from their respective countries. They gave up that life to raise their children. Now, the disappearances of several of their old colleagues forces the Cortez' return from retirement. What they didn't count on was Carmen and Juni joining the \"family business.\"", "revenue": 147934180, "budget": 35000000}, {"movie_id": 152, "genres": ["Science Fiction", "Adventure", "Mystery"], "homepage": "", "title": "Star Trek: The Motion Picture", "popularity": 24.616634, "release_date": "1979-12-06", "vote_average": 6.2, "production_companies": ["Paramount Pictures"], "overview": "When a destructive space entity is spotted approaching Earth, Admiral Kirk resumes command of the Starship Enterprise in order to intercept, examine, and hopefully stop it.", "revenue": 139000000, "budget": 35000000}, {"movie_id": 9957, "genres": ["Comedy"], "homepage": "", "title": "The Benchwarmers", "popularity": 6.74556, "release_date": "2006-04-07", "vote_average": 5.2, "production_companies": ["Columbia Pictures", "Revolution Studios", "Happy Madison Productions"], "overview": "A trio of guys try and make up for missed opportunities in childhood by forming a three-player baseball team to compete against standard little league squads.", "revenue": 0, "budget": 0}, {"movie_id": 1892, "genres": ["Adventure", "Action", "Science Fiction"], "homepage": "http://www.starwars.com/films/star-wars-episode-vi-return-of-the-jedi", "title": "Return of the Jedi", "popularity": 46.509071, "release_date": "1983-05-23", "vote_average": 7.9, "production_companies": ["Lucasfilm", "Twentieth Century Fox Film Corporation"], "overview": "As Rebel leaders map their strategy for an all-out attack on the Emperor's newer, bigger Death Star. Han Solo remains frozen in the cavernous desert fortress of Jabba the Hutt, the most loathsome outlaw in the universe, who is also keeping Princess Leia as a slave girl. Now a master of the Force, Luke Skywalker rescues his friends, but he cannot become a true Jedi Knight until he wages his own crucial battle against Darth Vader, who has sworn to win Luke over to the dark side of the Force.", "revenue": 572700000, "budget": 32350000}, {"movie_id": 698, "genres": ["Action", "Adventure", "Thriller", "Science Fiction"], "homepage": "http://www.mgm.com/view/movie/1292/Moonraker/", "title": "Moonraker", "popularity": 29.887403999999997, "release_date": "1979-06-26", "vote_average": 5.9, "production_companies": ["United Artists", "Eon Productions"], "overview": "During the transportation of a Space Shuttle a Boeing 747 crashes in the Atlantic Ocean yet when they go to look for the destroyed shuttle it is not there. James Bond investigates the missing mission space shuttle and soon learns that the shuttles owner Hugo Drax wants to kill all of mankind.", "revenue": 210308099, "budget": 34000000}, {"movie_id": 9032, "genres": ["Comedy", "Drama"], "homepage": "", "title": "Big Daddy", "popularity": 34.868590000000005, "release_date": "1999-06-25", "vote_average": 6.1, "production_companies": ["Columbia Pictures"], "overview": "A lazy law school grad adopts a kid to impress his girlfriend, but everything doesn't go as planned and he becomes the unlikely foster father.", "revenue": 234801895, "budget": 34200000}, {"movie_id": 2770, "genres": ["Comedy", "Romance"], "homepage": "", "title": "American Pie 2", "popularity": 36.432598, "release_date": "2001-08-10", "vote_average": 6.0, "production_companies": ["Universal Pictures", "Liveplanet", "Zide-Perry Productions"], "overview": "The whole gang are back and as close as ever. They decide to get even closer by spending the summer together at a beach house. They decide to hold the biggest party ever to be seen, even if the preparation doesn't always go to plan. Especially when Stifler, Finch and Jim become more close to each other than they ever want to be and when Jim mistakes super glue for lubricant...", "revenue": 287553595, "budget": 30000000}, {"movie_id": 16300, "genres": ["Fantasy", "Comedy", "Science Fiction", "Romance"], "homepage": "", "title": "Down to Earth", "popularity": 9.166658, "release_date": "2001-02-16", "vote_average": 4.9, "production_companies": ["Paramount Pictures", "Alphaville Films"], "overview": "After dying before his time, an aspiring comic gets a second shot at life... by being reincarnated as a wealthy but un-likable businessman.", "revenue": 0, "budget": 0}, {"movie_id": 172, "genres": ["Science Fiction", "Action", "Adventure", "Thriller"], "homepage": "", "title": "Star Trek V: The Final Frontier", "popularity": 19.578249, "release_date": "1989-06-09", "vote_average": 5.6, "production_companies": ["Paramount Pictures"], "overview": "Capt. Kirk and his crew must deal with Mr. Spock's half brother who kidnaps three diplomats and hijacks the Enterprise in his obsessive search for God.", "revenue": 70200000, "budget": 30000000}, {"movie_id": 707, "genres": ["Adventure", "Action", "Thriller"], "homepage": "http://www.mgm.com/view/movie/2101/A-View-to-a-Kill/", "title": "A View to a Kill", "popularity": 27.230493, "release_date": "1985-05-24", "vote_average": 6.0, "production_companies": ["Eon Productions"], "overview": "A newly developed microchip designed by Zorin Industries for the British Government that can survive the electromagnetic radiation caused by a nuclear explosion has landed in the hands of the KGB. James Bond must find out how and why. His suspicions soon lead him to big industry leader Max Zorin.", "revenue": 152427960, "budget": 30000000}, {"movie_id": 3933, "genres": ["Romance", "Fantasy", "Animation", "Music"], "homepage": "http://corpsebridemovie.warnerbros.com/", "title": "Corpse Bride", "popularity": 43.571612, "release_date": "2005-09-09", "vote_average": 7.2, "production_companies": ["Tim Burton Animation Company", "Will Vinton Studios", "Warner Bros.", "Tim Burton Productions", "Laika Entertainment", "Patalex Productions"], "overview": "Set in a 19th-century european village, this stop-motion animation feature follows the story of Victor, a young man whisked away to the underworld and wed to a mysterious corpse bride, while his real bride Victoria waits bereft in the land of the living.", "revenue": 117195061, "budget": 40000000}, {"movie_id": 865, "genres": ["Action", "Science Fiction"], "homepage": "", "title": "The Running Man", "popularity": 30.131497999999997, "release_date": "1987-11-13", "vote_average": 6.4, "production_companies": ["Keith Barish Productions", "TAFT Entertainment Pictures", "HBO", "Braveworld Productions"], "overview": "By 2017, the global economy has collapsed and American society has become a totalitarian police state, censoring all cultural activity. The government pacifies the populace by broadcasting a number of game shows in which convicted criminals fight for their lives, including the gladiator-style The Running Man, hosted by the ruthless Damon Killian, where \u201crunners\u201d attempt to evade \u201cstalkers\u201d and certain death for a chance to be pardoned and set free.", "revenue": 38122105, "budget": 27000000}, {"movie_id": 311, "genres": ["Drama", "Crime"], "homepage": "", "title": "Once Upon a Time in America", "popularity": 49.336397, "release_date": "1984-02-16", "vote_average": 8.2, "production_companies": ["Warner Bros.", "The Ladd Company"], "overview": "A former Prohibition-era Jewish gangster returns to the Lower East Side of Manhattan over thirty years later, where he once again must confront the ghosts and regrets of his old life.", "revenue": 0, "budget": 30000000}, {"movie_id": 223702, "genres": ["Adventure", "Animation", "Comedy", "Fantasy"], "homepage": "http://www.sausagepartymovie.com", "title": "Sausage Party", "popularity": 66.242737, "release_date": "2016-07-11", "vote_average": 5.6, "production_companies": ["Columbia Pictures", "Sony Pictures Animation", "Sony Pictures Entertainment", "Annapurna Pictures", "Point Grey Pictures", "Nitrogen Studios Canada"], "overview": "Sausage Party, the first R-rated CG animated movie, is about one sausage leading a group of supermarket products on a quest to discover the truth about their existence and what really happens when they become chosen to leave the grocery store.", "revenue": 140752617, "budget": 19000000}, {"movie_id": 9449, "genres": ["Adventure", "Fantasy", "Action", "Comedy", "Family"], "homepage": "", "title": "The Borrowers", "popularity": 10.364582, "release_date": "1997-12-05", "vote_average": 5.8, "production_companies": ["Working Title Films", "Polygram Filmed Entertainment"], "overview": "The four-inch-tall Clock family secretly share a house with the normal-sized Lender family, \"borrowing\" such items as thread, safety pins, batteries and scraps of food. However, their peaceful co-existence is disturbed when evil lawyer Ocious P. Potter steals the will granting title to the house, which he plans to demolish in order to build apartments. The Lenders are forced to move, and the Clocks face the risk of being exposed to the normal-sized world.", "revenue": 0, "budget": 29000000}, {"movie_id": 812, "genres": ["Animation", "Family", "Comedy", "Adventure", "Fantasy", "Romance"], "homepage": "http://movies.disney.com/aladdin", "title": "Aladdin", "popularity": 92.98200899999999, "release_date": "1992-11-25", "vote_average": 7.4, "production_companies": ["Walt Disney Pictures"], "overview": "Princess Jasmine grows tired of being forced to remain in the palace and she sneaks out into the marketplace  in disguise where she meets street-urchin Aladdin and the two fall in love, although she may only marry a prince. After being thrown in jail, Aladdin and becomes embroiled in a plot to find a mysterious lamp with which the evil Jafar hopes to rule the land.", "revenue": 504050219, "budget": 28000000}, {"movie_id": 9428, "genres": ["Comedy", "Drama"], "homepage": "", "title": "The Royal Tenenbaums", "popularity": 24.13081, "release_date": "2001-10-05", "vote_average": 7.4, "production_companies": ["Touchstone Pictures"], "overview": "An estranged family of former child prodigies reunites when their father announces he has a terminal illness.", "revenue": 71441250, "budget": 21000000}, {"movie_id": 699, "genres": ["Adventure", "Action", "Thriller"], "homepage": "http://www.mgm.com/view/movie/695/For-Your-Eyes-Only/", "title": "For Your Eyes Only", "popularity": 26.090746, "release_date": "1981-06-23", "vote_average": 6.3, "production_companies": ["United Artists", "Eon Productions"], "overview": "A British spy ship has sunk and on board was a hi-tech encryption device. James Bond is sent to find the device that holds British launching instructions before the enemy Soviets get to it first.", "revenue": 195312802, "budget": 28000000}, {"movie_id": 9398, "genres": ["Comedy"], "homepage": "", "title": "Zoolander", "popularity": 38.0958, "release_date": "2001-09-28", "vote_average": 6.1, "production_companies": ["Paramount Pictures", "Village Roadshow Pictures", "NPV Entertainment", "Scott Rudin Productions", "Red Hour Productions", "Tenth Planet Productions", "VH1 Television", "Red Hour Films", "MFP Munich Film Partners GmbH & Company I. Produktions KG"], "overview": "Clear the runway for Derek Zoolander, VH1's three-time male model of the year. His face falls when hippie-chic \"he's so hot right now\" Hansel scooters in to steal this year's award. The evil fashion guru Mugatu seizes the opportunity to turn Derek into a killing machine. Its a well-designed conspiracy and only with the help of Hansel and a few well-chosen accessories can Derek make the world safe.", "revenue": 60780981, "budget": 28000000}, {"movie_id": 700, "genres": ["Adventure", "Action", "Thriller"], "homepage": "http://www.mgm.com/view/movie/1394/Octopussy/", "title": "Octopussy", "popularity": 25.633663000000002, "release_date": "1983-06-05", "vote_average": 6.2, "production_companies": ["Eon Productions"], "overview": "James Bond is sent to investigate after a fellow \u201c00\u201d agent is found dead with a priceless Farberge egg. James bond follows the mystery and uncovers a smuggling scandal and a Russian General who wants to provoke a new World War.", "revenue": 187500000, "budget": 27500000}, {"movie_id": 4964, "genres": ["Comedy", "Romance", "Drama"], "homepage": "http://knockedupmovie.com/", "title": "Knocked Up", "popularity": 22.527210999999998, "release_date": "2007-06-01", "vote_average": 6.2, "production_companies": ["Universal Pictures", "Apatow Productions"], "overview": "For fun loving party animal Ben Stone, the last thing he ever expected was for his one night stand to show up on his doorstep eight weeks later to tell him she's pregnant.", "revenue": 219076518, "budget": 30000000}, {"movie_id": 174, "genres": ["Science Fiction", "Action", "Adventure", "Thriller"], "homepage": "", "title": "Star Trek VI: The Undiscovered Country", "popularity": 16.188572, "release_date": "1991-12-05", "vote_average": 6.7, "production_companies": ["Paramount Pictures"], "overview": "On the eve of retirement, Kirk and McCoy are charged with assassinating the Klingon High Chancellor and imprisoned. The Enterprise crew must help them escape to thwart a conspiracy aimed at sabotaging the last best hope for peace.", "revenue": 96900000, "budget": 27000000}, {"movie_id": 14560, "genres": ["Action", "Adventure", "Comedy", "Family"], "homepage": "http://paulblartmallcop.com/", "title": "Paul Blart: Mall Cop", "popularity": 31.250383000000003, "release_date": "2009-01-15", "vote_average": 5.2, "production_companies": ["Columbia Pictures", "Happy Madison Productions", "Relativity Media", "Hey Eddie"], "overview": "Mild-mannered Paul Blart (Kevin James) has always had huge dreams of becoming a State Trooper. Until then, he patrols the local mall as a security guard. With his closely cropped moustache, personal transporter and gung-ho attitude, only Blart seems to take his job seriously. All that changes when a team of thugs raids the mall and takes hostages. Untrained, unarmed and a super-size target, Blart has to become a real cop to save the day.", "revenue": 183293131, "budget": 26000000}, {"movie_id": 769, "genres": ["Drama", "Crime"], "homepage": "http://www.warnerbros.com/goodfellas", "title": "GoodFellas", "popularity": 63.65424399999999, "release_date": "1990-09-12", "vote_average": 8.2, "production_companies": ["Winkler Films"], "overview": "The true story of Henry Hill, a half-Irish, half-Sicilian Brooklyn kid who is adopted by neighbourhood gangsters at an early age and climbs the ranks of a Mafia family under the guidance of Jimmy Conway.", "revenue": 46836394, "budget": 25000000}, {"movie_id": 8051, "genres": ["Comedy", "Drama", "Romance"], "homepage": "", "title": "Punch-Drunk Love", "popularity": 15.960916000000001, "release_date": "2002-10-25", "vote_average": 6.9, "production_companies": ["Columbia Pictures", "New Line Cinema", "Ghoulardi Film Company"], "overview": "A beleaguered small-business owner gets a harmonium and embarks on a romantic journey with a mysterious woman.", "revenue": 17000000, "budget": 25000000}, {"movie_id": 168, "genres": ["Science Fiction", "Adventure"], "homepage": "", "title": "Star Trek IV: The Voyage Home", "popularity": 22.258428, "release_date": "1986-11-25", "vote_average": 6.9, "production_companies": ["Paramount Pictures"], "overview": "Fugitives of the Federation for their daring rescue of Spock from the doomed Genesis Planet, Admiral Kirk (William Shatner) and his crew begin their journey home to face justice for their actions. But as they near Earth, they find it at the mercy of a mysterious alien presence whose signals are slowly destroying the planet. In a desperate attempt to answer the call of the probe, Kirk and his crew race back to the late twentieth century. However they soon find the world they once knew to be more alien than anything they've encountered in the far reaches of the galaxy!", "revenue": 133000000, "budget": 24000000}, {"movie_id": 10663, "genres": ["Comedy"], "homepage": "", "title": "The Waterboy", "popularity": 23.839126999999998, "release_date": "1998-11-06", "vote_average": 5.9, "production_companies": ["Touchstone Pictures"], "overview": "Bobby Boucher is a water boy for a struggling college football team. The coach discovers Boucher's hidden rage makes him a tackling machine whose bone-crushing power might vault his team into the playoffs.", "revenue": 185991646, "budget": 23000000}, {"movie_id": 1891, "genres": ["Adventure", "Action", "Science Fiction"], "homepage": "http://www.starwars.com/films/star-wars-episode-v-the-empire-strikes-back", "title": "The Empire Strikes Back", "popularity": 78.51783, "release_date": "1980-05-17", "vote_average": 8.2, "production_companies": ["Lucasfilm", "Twentieth Century Fox Film Corporation"], "overview": "The epic saga continues as Luke Skywalker, in hopes of defeating the evil Galactic Empire, learns the ways of the Jedi from aging master Yoda. But Darth Vader is more determined than ever to capture Luke. Meanwhile, rebel leader Princess Leia, cocky Han Solo, Chewbacca, and droids C-3PO and R2-D2 are thrown into various stages of capture, betrayal and despair.", "revenue": 538400000, "budget": 18000000}, {"movie_id": 82693, "genres": ["Drama", "Comedy", "Romance"], "homepage": "http://silverliningsplaybookmovie.com/", "title": "Silver Linings Playbook", "popularity": 63.599973, "release_date": "2012-09-08", "vote_average": 6.9, "production_companies": ["The Weinstein Company"], "overview": "After spending eight months in a mental institution, a former teacher moves back in with his parents and tries to reconcile with his ex-wife.", "revenue": 205738714, "budget": 21000000}, {"movie_id": 755, "genres": ["Horror", "Action", "Thriller", "Crime"], "homepage": "http://www.miramax.com/movie/from-dusk-till-dawn/", "title": "From Dusk Till Dawn", "popularity": 64.181668, "release_date": "1996-01-19", "vote_average": 6.9, "production_companies": ["A Band Apart", "Dimension Films", "Los Hooligans Productions", "Miramax"], "overview": "Seth Gecko and his younger brother Richard are on the run after a bloody bank robbery in Texas. They escape across the border into Mexico and will be home-free the next morning, when they pay off the local kingpin. They just have to survive 'from dusk till dawn' at the rendezvous point, which turns out to be a Hell of a strip joint.", "revenue": 25836616, "budget": 19000000}, {"movie_id": 14220, "genres": ["Comedy"], "homepage": "", "title": "Strange Wilderness", "popularity": 4.9613059999999995, "release_date": "2008-02-01", "vote_average": 4.7, "production_companies": ["Paramount Pictures", "Happy Madison Productions", "Pelican Productions LLC"], "overview": "With the ratings dropping for a wilderness-themed TV show, two animal fans go to the Andes in search of Bigfoot.", "revenue": 6575282, "budget": 0}, {"movie_id": 157, "genres": ["Science Fiction", "Action", "Adventure", "Thriller"], "homepage": "", "title": "Star Trek III: The Search for Spock", "popularity": 15.314027, "release_date": "1984-05-31", "vote_average": 6.4, "production_companies": ["Paramount Pictures"], "overview": "Admiral Kirk and his bridge crew risk their careers stealing the decommissioned Enterprise to return to the restricted Genesis planet to recover Spock's body.", "revenue": 87000000, "budget": 18000000}, {"movie_id": 106, "genres": ["Science Fiction", "Action", "Adventure", "Thriller"], "homepage": "", "title": "Predator", "popularity": 50.009408, "release_date": "1987-06-11", "vote_average": 7.3, "production_companies": ["Twentieth Century Fox Film Corporation", "Lawrence Gordon Productions", "Davis Entertainment", "Silver Pictures", "Amercent Films", "American Entertainment Partners L.P."], "overview": "Dutch and his group of commandos are hired by the CIA to rescue downed airmen from guerillas in a Central American jungle. The mission goes well but as they return they find that something is hunting them. Nearly invisible, it blends in with the forest, taking trophies from the bodies of its victims as it goes along. Occasionally seeing through its eyes, the audience sees it is an intelligent alien hunter, hunting them for sport, killing them off one at a time.", "revenue": 98235548, "budget": 18000000}, {"movie_id": 5279, "genres": ["Drama", "Mystery", "Thriller"], "homepage": "", "title": "Gosford Park", "popularity": 11.693272, "release_date": "2001-11-07", "vote_average": 6.8, "production_companies": ["USA Films"], "overview": "Multiple storylined drama set in 1932, showing the lives of upstairs guest and downstairs servants at a party in a country house in England.", "revenue": 87754044, "budget": 19800000}, {"movie_id": 9610, "genres": ["Adventure", "Fantasy", "Action"], "homepage": "", "title": "Conan the Destroyer", "popularity": 18.379123999999997, "release_date": "1984-06-29", "vote_average": 5.8, "production_companies": ["De Laurentiis Entertainment Group"], "overview": "Based on a character created by Robert E. Howard, this fast-paced, occasionally humorous sequel to Conan the Barbarian features the hero (Arnold Schwarzenegger) as he is commissioned by the evil queen Taramis (Sarah Douglas) to safely escort a teen princess (Olivia D'Abo) and her powerful bodyguard (Wilt Chamberlain) to a far away castle to retrieve the magic Horn of Dagon. Unknown to Conan, the queen plans to sacrifice the princess when she returns and inherit her kingdom after the bodyguard kills Conan. The queen's plans fail to take into consideration Conan's strength and cunning and the abilities of his sidekicks: the eccentric wizard Akiro (Mako), the wild woman Zula (Grace Jones), and the inept Malak (Tracey Walter). Together the hero and his allies must defeat both mortal and supernatural foes in this voyage to sword-and-sorcery land.", "revenue": 100000000, "budget": 18000000}, {"movie_id": 13778, "genres": ["Comedy"], "homepage": "", "title": "Dickie Roberts: Former Child Star", "popularity": 10.149569, "release_date": "2003-09-05", "vote_average": 5.1, "production_companies": ["Paramount Pictures", "Happy Madison Productions"], "overview": "TV child star of the '70s, Dickie Roberts is now 35 and parking cars. Craving to regain the spotlight, he auditions for a role of a normal guy, but the director quickly sees he is anything but normal. Desperate to win the part, Dickie hires a family to help him replay his childhood and assume the identity of an average, everyday kid.", "revenue": 0, "budget": 0}, {"movie_id": 9493, "genres": ["Comedy"], "homepage": "", "title": "Twins", "popularity": 17.638285999999997, "release_date": "1988-12-09", "vote_average": 5.7, "production_companies": ["Universal Pictures"], "overview": "Julius and Vincent Benedict are the results of an experiment that would allow for the perfect child. Julius was planned and grows to athletic proportions. Vincent is an accident and is somewhat smaller in stature. Vincent is placed in an orphanage while Julius is taken to a south seas island and raised by philosophers. Vincent becomes the ultimate low life and is about to be killed by loan sharks.", "revenue": 216614388, "budget": 15000000}, {"movie_id": 691, "genres": ["Adventure", "Action", "Thriller"], "homepage": "http://www.mgm.com/view/movie/1891/The-Spy-Who-Loved-Me/", "title": "The Spy Who Loved Me", "popularity": 27.173470000000002, "release_date": "1977-07-07", "vote_average": 6.6, "production_companies": ["United Artists", "Eon Productions", "Danjaq"], "overview": "Russian and British submarines with nuclear missiles on board both vanish from sight without a trace. England and Russia both blame each other as James Bond tries to solve the riddle of the disappearing ships. But the KGB also has an agent on the case.", "revenue": 185438673, "budget": 14000000}, {"movie_id": 9644, "genres": ["Comedy"], "homepage": "", "title": "National Lampoon's Loaded Weapon 1", "popularity": 12.963328, "release_date": "1993-02-04", "vote_average": 5.7, "production_companies": ["New Line Cinema"], "overview": "An LA detective is murdered because she has microfilm with the recipe to make cocaine cookies. A \"Lethal Weapon\" style cop team tries to find and stop the fiends before they can dope the nation by distributing their wares via the \"Wilderness Girls\" cookie drive.", "revenue": 0, "budget": 0}, {"movie_id": 2105, "genres": ["Comedy", "Romance"], "homepage": "", "title": "American Pie", "popularity": 60.767168000000005, "release_date": "1999-07-09", "vote_average": 6.4, "production_companies": ["Universal Pictures", "Summit Entertainment", "Newmarket Capital Group", "Zide-Perry Productions"], "overview": "At a high-school party, four friends find that losing their collective virginity isn't as easy as they had thought. But they still believe that they need to do so before college. To motivate themselves, they enter a pact to all \"score.\" by their senior prom.", "revenue": 235483004, "budget": 11000000}, {"movie_id": 154, "genres": ["Action", "Adventure", "Science Fiction", "Thriller"], "homepage": "", "title": "Star Trek II: The Wrath of Khan", "popularity": 22.434102, "release_date": "1982-06-03", "vote_average": 7.3, "production_companies": ["Paramount Pictures"], "overview": "Admiral James T. Kirk is feeling old; the prospect of accompanying his old ship the Enterprise on a two week cadet cruise is not making him feel any younger. But the training cruise becomes a a life or death struggle when Khan escapes from years of exile and captures the power of creation itself.", "revenue": 96800000, "budget": 12000000}, {"movie_id": 14799, "genres": ["Comedy", "Drama"], "homepage": "", "title": "For Your Consideration", "popularity": 4.3304279999999995, "release_date": "2006-11-22", "vote_average": 5.9, "production_companies": ["Shangri-La Entertainment"], "overview": "Three actors learn that their respective performances in the film \"Home for Purim,\" a drama set in the mid-1940s American South, are generating award-season buzz.", "revenue": 5542025, "budget": 12000000}, {"movie_id": 11, "genres": ["Adventure", "Action", "Science Fiction"], "homepage": "http://www.starwars.com/films/star-wars-episode-iv-a-new-hope", "title": "Star Wars", "popularity": 126.393695, "release_date": "1977-05-25", "vote_average": 8.1, "production_companies": ["Lucasfilm", "Twentieth Century Fox Film Corporation"], "overview": "Princess Leia is captured and held hostage by the evil Imperial forces in their effort to take over the galactic Empire. Venturesome Luke Skywalker and dashing captain Han Solo team together with the loveable robot duo R2-D2 and C-3PO to rescue the beautiful princess and restore peace and justice in the Empire.", "revenue": 775398007, "budget": 11000000}, {"movie_id": 22804, "genres": ["Horror", "Mystery"], "homepage": "http://www.saw6film.com/", "title": "Saw VI", "popularity": 31.900899, "release_date": "2009-10-22", "vote_average": 6.0, "production_companies": ["Lionsgate", "Twisted Pictures"], "overview": "Special Agent Strahm is dead, and Detective Hoffman has emerged as the unchallenged successor to Jigsaw's legacy. However, when the FBI draws closer to Hoffman, he is forced to set a game into motion, and Jigsaw's grand scheme is finally understood.", "revenue": 68233629, "budget": 11000000}, {"movie_id": 766, "genres": ["Fantasy", "Horror", "Comedy"], "homepage": "", "title": "Army of Darkness", "popularity": 33.758281, "release_date": "1992-10-09", "vote_average": 7.3, "production_companies": ["Universal Pictures", "Renaissance Pictures", "Metro-Goldwyn-Mayer (MGM)", "Dino De Laurentiis Company"], "overview": "A man is accidentally transported to 1300 A.D., where he must battle an army of the dead and retrieve the Necronomicon so he can return home.", "revenue": 0, "budget": 11000000}, {"movie_id": 11917, "genres": ["Horror", "Thriller", "Crime"], "homepage": "", "title": "Saw V", "popularity": 32.943847999999996, "release_date": "2008-10-23", "vote_average": 5.9, "production_companies": ["Lionsgate", "Twisted Pictures"], "overview": "Detective Hoffman is seemingly the last person alive to carry on the Jigsaw legacy. But when his secret is threatened, he must go on the hunt to eliminate all the loose ends.", "revenue": 113857533, "budget": 10800000}, {"movie_id": 214, "genres": ["Horror", "Thriller", "Crime"], "homepage": "", "title": "Saw III", "popularity": 33.124871, "release_date": "2006-10-27", "vote_average": 6.1, "production_companies": ["Lions Gate Films", "Twisted Pictures", "Evolution Entertainment"], "overview": "Jigsaw has disappeared. Along with his new apprentice Amanda, the puppet-master behind the cruel, intricate games that have terrified a community and baffled police has once again eluded capture and vanished. While city detective scramble to locate him, Doctor Lynn Denlon and Jeff Reinhart are unaware that they are about to become the latest pawns on his vicious chessboard.", "revenue": 163876815, "budget": 10000000}, {"movie_id": 663, "genres": ["Horror", "Thriller", "Crime"], "homepage": "http://movies.break.com/saw4/", "title": "Saw IV", "popularity": 29.244768, "release_date": "2007-10-25", "vote_average": 5.9, "production_companies": ["Lions Gate Films", "Twisted Pictures"], "overview": "Jigsaw and his apprentice Amanda are dead. Now, upon the news of Detective Kerry's murder, two seasoned FBI profilers, Agent Strahm and Agent Perez, arrive in the terrified community to assist the veteran Detective Hoffman in sifting through Jigsaw's latest grisly remains and piecing together the puzzle. However, when SWAT Commander Rigg is abducted and thrust into a game, the last officer untouched by Jigsaw has but ninety minutes to overcome a series of demented traps and save an old friend...or face the deadly consequences.", "revenue": 139352633, "budget": 10000000}, {"movie_id": 9614, "genres": ["Comedy"], "homepage": "", "title": "Happy Gilmore", "popularity": 26.598884, "release_date": "1996-02-16", "vote_average": 6.5, "production_companies": ["Universal Pictures", "Brillstein-Grey Entertainment", "Robert Simonds Productions"], "overview": "Failed hockey player-turned-golf whiz Happy Gilmore -- whose unconventional approach and antics on the grass courts the ire of rival Shooter McGavin -- is determined to win a PGA tournament so he can save his granny's house with the prize money. Meanwhile, an attractive tour publicist tries to soften Happy's image.", "revenue": 41205099, "budget": 12000000}, {"movie_id": 75900, "genres": ["Drama"], "homepage": "http://myweekwithmarilynmovie.com/", "title": "My Week with Marilyn", "popularity": 21.006078, "release_date": "2011-10-17", "vote_average": 6.6, "production_companies": ["BBC Films", "The Weinstein Company", "UK Film Council", "Lip Sync Post", "Trademark Films"], "overview": "Sir Laurence Olivier is making a movie in London. Young Colin Clark, an eager film student, wants to be involved and he navigates himself a job on the set. When film star Marilyn Monroe arrives for the start of shooting, all of London is excited to see the blonde bombshell, while Olivier is struggling to meet her many demands and acting ineptness, and Colin is intrigued by her. Colin's intrigue is met when Marilyn invites him into her inner world where she struggles with her fame, her beauty and her desire to be a great actress.", "revenue": 35057696, "budget": 6400000}, {"movie_id": 10071, "genres": ["Comedy"], "homepage": "", "title": "The Brothers Solomon", "popularity": 8.312153, "release_date": "2007-09-07", "vote_average": 4.9, "production_companies": ["Revolution Studios", "TriStar Pictures", "Carsey-Werner Company"], "overview": "A pair of well-meaning, but socially inept brothers try to find their perfect mates in order to provide their dying father with a grandchild.", "revenue": 0, "budget": 0}, {"movie_id": 16614, "genres": ["Comedy"], "homepage": "http://www.adventurelandthefilm.com/", "title": "Adventureland", "popularity": 19.978021, "release_date": "2009-04-03", "vote_average": 6.4, "production_companies": ["Miramax Films", "Sidney Kimmel Entertainment", "This Is That Productions"], "overview": "In the summer of 1987, a college graduate takes a 'nowhere' job at his local amusement park, only to find it's the perfect course to get him prepared for the real world.", "revenue": 17164377, "budget": 9500000}, {"movie_id": 667, "genres": ["Action", "Thriller", "Adventure"], "homepage": "http://www.mgm.com/view/movie/2347/You-Only-Live-Twice/", "title": "You Only Live Twice", "popularity": 28.675890999999996, "release_date": "1967-06-12", "vote_average": 6.5, "production_companies": ["Eon Productions"], "overview": "A mysterious space craft kidnaps a Russian and American space capsule and brings the world on the verge of another World War. James Bond investigates the case in Japan and meets with his archenemy Blofeld. The fifth film from the legendary James Bond series starring Sean Connery as the British super agent.", "revenue": 111584787, "budget": 9500000}, {"movie_id": 660, "genres": ["Adventure", "Action", "Thriller"], "homepage": "http://www.mgm.com/view/movie/2009/Thunderball/", "title": "Thunderball", "popularity": 31.035999999999998, "release_date": "1965-12-16", "vote_average": 6.5, "production_companies": ["Eon Productions", "Metro-Goldwyn-Mayer (MGM)"], "overview": "A criminal organization has obtained two nuclear bombs and are asking for a 100 million pound ransom in the form of diamonds in seven days or they will use the weapons. The secret service sends James Bond to the Bahamas to once again save the world.", "revenue": 141195658, "budget": 5500000}, {"movie_id": 668, "genres": ["Adventure", "Action", "Thriller"], "homepage": "http://www.mgm.com/view/movie/1411/On-Her-Majesty%E2%80%99s-Secret-Service/", "title": "On Her Majesty's Secret Service", "popularity": 25.289665, "release_date": "1969-12-12", "vote_average": 6.5, "production_companies": ["United Artists", "Eon Productions", "Danjaq"], "overview": "James Bond tracks archnemesis Ernst Blofeld to a mountaintop retreat where he's training an army of beautiful but lethal women. Along the way, Bond falls for Italian contessa Tracy Draco -- and marries her in order to get closer to Blofeld. Meanwhile, he locates Blofeld in the Alps and embarks on a classic ski chase.", "revenue": 81974493, "budget": 6500000}, {"movie_id": 681, "genres": ["Adventure", "Action", "Thriller"], "homepage": "http://www.mgm.com/view/movie/529/Diamonds-Are-Forever/", "title": "Diamonds Are Forever", "popularity": 34.634181, "release_date": "1971-12-13", "vote_average": 6.3, "production_companies": ["United Artists", "Eon Productions", "Danjaq"], "overview": "Diamonds are stolen only to be sold again in the international market. James Bond infiltrates a smuggling mission to find out who\u2019s guilty. The mission takes him to Las Vegas where Bond meets his archenemy Blofeld.", "revenue": 116019547, "budget": 7200000}, {"movie_id": 253, "genres": ["Adventure", "Action", "Thriller"], "homepage": "http://www.mgm.com/view/movie/1130/Live-and-Let-Die/", "title": "Live and Let Die", "popularity": 30.465138, "release_date": "1973-07-05", "vote_average": 6.4, "production_companies": ["United Artists", "Eon Productions", "Danjaq"], "overview": "James Bond must investigate a mysterious murder case of a British agent in New Orleans. Soon he finds himself up against a gangster boss named Mr. Big.", "revenue": 161777836, "budget": 7000000}, {"movie_id": 8068, "genres": ["Thriller", "Action", "Crime"], "homepage": "", "title": "Desperado", "popularity": 25.511217000000002, "release_date": "1995-08-25", "vote_average": 6.8, "production_companies": ["Columbia Pictures", "Los Hooligans Productions"], "overview": "A gunslinger is embroiled in a war with a local drug runner.", "revenue": 25405445, "budget": 7000000}, {"movie_id": 682, "genres": ["Adventure", "Action", "Thriller"], "homepage": "http://www.mgm.com/view/movie/1213/The-Man-with-the-Golden-Gun/", "title": "The Man with the Golden Gun", "popularity": 30.214715999999996, "release_date": "1974-12-01", "vote_average": 6.3, "production_companies": ["United Artists", "Eon Productions", "Danjaq"], "overview": "A golden bullet has 007 engraved on it as it smashes into the secret service headquarters. The bullet came from the professional killer Scaramanga who has yet to miss a target and James Bond begins a mission to try and stop him.", "revenue": 97572000, "budget": 7000000}, {"movie_id": 334527, "genres": ["Thriller", "Crime", "Drama"], "homepage": "", "title": "Criminal Activities", "popularity": 6.665164, "release_date": "2015-11-20", "vote_average": 5.8, "production_companies": ["NeeNee Productions", "Capacity Pictures", "May Day Movies"], "overview": "Four young men make a risky investment together that puts them in trouble with the mob.", "revenue": 0, "budget": 7000000}, {"movie_id": 13785, "genres": ["Comedy"], "homepage": "", "title": "Best in Show", "popularity": 10.982255, "release_date": "2000-09-19", "vote_average": 6.7, "production_companies": ["Castle Rock Entertainment"], "overview": "The tension is palpable, the excitement is mounting and the heady scent of competition is in the air as hundreds of eager contestants from across America prepare to take part in what is undoubtedly one of the greatest events of their lives -- the Mayflower Dog Show. The canine contestants and their owners are as wondrously diverse as the great country that has bred them.", "revenue": 0, "budget": 0}, {"movie_id": 13370, "genres": ["Comedy", "Music"], "homepage": "", "title": "A Mighty Wind", "popularity": 4.053017, "release_date": "2003-04-16", "vote_average": 6.6, "production_companies": ["Castle Rock Entertainment"], "overview": "In \"A Mighty Wind\", director Christopher Guest reunites the team from \"Best In Show\" and \"Waiting for Guffman\" to tell tell the story of 60's-era folk musicians, who inspired by the death of their former manager, get back on the stage for one concert in New York City's Town Hall.", "revenue": 18750246, "budget": 6000000}, {"movie_id": 215, "genres": ["Horror"], "homepage": "", "title": "Saw II", "popularity": 42.187985999999995, "release_date": "2005-10-28", "vote_average": 6.3, "production_companies": ["Lions Gate Films", "Got Films", "Twisted Pictures", "Evolution Entertainment", "Saw 2 Productions"], "overview": "When a new murder victim is discovered with all the signs of Jigsaw's hand, Detective Eric Matthews begins a full investigation and apprehends Jigsaw with little effort. But for Jigsaw, getting caught is just another part of his plan. Eight more of his victims are already fighting for their lives and now it's time for Matthews to join the game...", "revenue": 152925093, "budget": 4000000}, {"movie_id": 9900, "genres": ["Comedy"], "homepage": "", "title": "Grandma's Boy", "popularity": 9.974681, "release_date": "2006-01-06", "vote_average": 6.6, "production_companies": ["Twentieth Century Fox Film Corporation", "Happy Madison Productions"], "overview": "Even though he's 35, Alex acts more like he's 13, spending his days as the world's oldest video game tester and his evenings developing the next big Xbox game. But he gets kicked out of his apartment and is forced to move in with his grandmother.", "revenue": 6538177, "budget": 0}, {"movie_id": 11404, "genres": ["Drama", "Comedy"], "homepage": "", "title": "Driving Lessons", "popularity": 7.6678880000000005, "release_date": "2006-04-30", "vote_average": 6.3, "production_companies": "", "overview": "A shy teenage boy trying to escape the influence of his domineering mother, has his world changed when he begins to work for a retired actress.", "revenue": 0, "budget": 0}, {"movie_id": 765, "genres": ["Horror", "Comedy", "Fantasy"], "homepage": "", "title": "Evil Dead II", "popularity": 35.674774, "release_date": "1987-03-13", "vote_average": 7.6, "production_companies": ["Renaissance Films", "Rosebud Productions"], "overview": "Ash Williams and his girlfriend Linda find a log cabin in the woods with a voice recording from an archeologist who had recorded himself reciting ancient chants from \u201cThe Book of the Dead.\u201d As they play the recording an evil power is unleashed taking over Linda\u2019s body.", "revenue": 5923044, "budget": 3600000}, {"movie_id": 658, "genres": ["Adventure", "Action", "Thriller"], "homepage": "http://www.mgm.com/view/movie/760/Goldfinger/", "title": "Goldfinger", "popularity": 47.812466, "release_date": "1964-09-17", "vote_average": 7.2, "production_companies": ["United Artists", "Eon Productions", "Danjaq"], "overview": "Special agent 007 (Sean Connery) comes face to face with one of the most notorious villains of all time, and now he must outwit and outgun the powerful tycoon to prevent him from cashing in on a devious scheme to raid Fort Knox -- and obliterate the world's economy.", "revenue": 124881062, "budget": 2500000}, {"movie_id": 657, "genres": ["Action", "Thriller", "Adventure"], "homepage": "http://www.mgm.com/view/movie/717/From-Russia-With-Love/", "title": "From Russia with Love", "popularity": 41.298722999999995, "release_date": "1963-10-11", "vote_average": 6.9, "production_companies": ["United Artists", "Eon Productions", "Danjaq"], "overview": "Agent 007 is back in the second installment of the James Bond series, this time battling a secret crime organization known as SPECTRE. Russians Rosa Klebb and Kronsteen are out to snatch a decoding device known as the Lektor, using the ravishing Tatiana to lure Bond into helping them. Bond willingly travels to meet Tatiana in Istanbul, where he must rely on his wits to escape with his life in a series of deadly encounters with the enemy", "revenue": 78898765, "budget": 2000000}, {"movie_id": 1961, "genres": ["Comedy", "Horror"], "homepage": "http://www.dhentertainment.com/projects/1.my-name-bruce/", "title": "My Name Is Bruce", "popularity": 7.5591, "release_date": "2007-10-01", "vote_average": 5.9, "production_companies": ["Dark Horse Entertainment", "Image Entertainment"], "overview": "B Movie Legend Bruce Campbell is mistaken for his character Ash from the Evil Dead trilogy and forced to fight a real monster in a small town in Oregon.", "revenue": 173066, "budget": 1500000}, {"movie_id": 176, "genres": ["Horror", "Mystery", "Crime"], "homepage": "", "title": "Saw", "popularity": 63.655972999999996, "release_date": "2004-10-01", "vote_average": 7.2, "production_companies": ["Lions Gate Films", "Twisted Pictures", "Evolution Entertainment", "Saw Productions Inc."], "overview": "Obsessed with teaching his victims the value of life, a deranged, sadistic serial killer abducts the morally wayward. Once captured, they must face impossible choices in a horrific game of survival. The victims must fight to win their lives back, or die trying...", "revenue": 103911669, "budget": 1200000}, {"movie_id": 646, "genres": ["Adventure", "Action", "Thriller"], "homepage": "http://www.mgm.com/#/our-titles/566/Dr.-No", "title": "Dr. No", "popularity": 48.901542, "release_date": "1962-10-04", "vote_average": 6.9, "production_companies": ["United Artists", "Eon Productions"], "overview": "In the film that launched the James Bond saga, Agent 007 battles mysterious Dr. No, a scientific genius bent on destroying the U.S. space program. As the countdown to disaster begins, Bond must go to Jamaica, where he encounters beautiful Honey Ryder, to confront a megalomaniacal villain in his massive island headquarters.", "revenue": 59600000, "budget": 950000}, {"movie_id": 244772, "genres": ["Drama"], "homepage": "", "title": "The Skeleton Twins", "popularity": 15.699363, "release_date": "2014-01-18", "vote_average": 6.7, "production_companies": ["Duplass Brothers Productions", "Venture Forth"], "overview": "Estranged twins Maggie and Milo coincidentally cheat death on the same day, prompting them to reunite and confront the reasons their lives went so wrong. As the twins' reunion reinvigorates them, they realize the key to fixing their lives may just lie in repairing their relationship.", "revenue": 5284309, "budget": 0}, {"movie_id": 15800, "genres": ["Documentary"], "homepage": "", "title": "Trekkies", "popularity": 2.77754, "release_date": "1997-10-18", "vote_average": 6.3, "production_companies": "", "overview": "A hilarious look at the universe's most fervent fans.", "revenue": 0, "budget": 0}]}